3218 4918
619 301 831 360 -59-

222 475 296 534 ΙΧ8
318 475 458 534 Pauculis
480 475 522 533 ibi
546 476 646 534 diebos
668 477 839 534 omnmoroti
861 468 866 556 Ι

318 580 348 636 ct
369 576 569 635 munificentia
591 577 713 653 publicu
734 579 868 652 supinati
890 572 895 659 Ι

318 680 595 755 vaticinationisque
619 679 729 739 crebris
751 680 935 739 mercedibus
955 680 1144 752 suffarcinati
1166 674 1170 760 Ι

317 783 466 858 purissimi
488 783 537 840 ilb'
557 783 722 842 sacerdotes
745 777 749 863 Ι

318 902 427 943 novum
449 888 588 960 quaestus
610 902 704 962 genus
726 885 782 943 sibi
805 883 1103 962 commictscoctor.¹)

718 1211 740 1268 1.

251 1347 322 1406 Post
343 1346 421 1406 hanc
443 1347 656 1423 digressionem
677 1352 859 1406 revertamm·
882 1348 919 1406 ad
941 1367 1003 1406 rem
1024 1348 1219 1423 propositam,
1249 1347 1287 1406 ad

167 1449 354 1525 congerenda
370 1451 489 1526 singula
504 1452 641 1525 exempla
655 1468 812 1509 numerosa
823 1451 910 1525 primi
922 1450 1197 1526 Metamorphoseon
1208 1449 1286 1508 libri.

227 1586 298 1644 114
321 1586 346 1644 si
368 1587 504 1644 resistere
526 1587 573 1644 vir
594 1590 693 1645 tantus
715 1588 833 1645 meliert
852 1589 1011 1660 nequibas:
1034 1582 1038 1666 Ι
1084 1604 1108 1645 c.

320 1689 374 1781 sob
396 1690 488 1748 ceolis
512 1691 569 1748 tois
592 1689 677 1747 bomo
699 1690 851 1765 iugulatur
968 1690 987 1748 i.

256 1825 296 1882 20
320 1824 372 1882 sed
393 1827 548 1898 utcumque
569 1826 639 1899 fotu
662 1827 839 1884 decreverint
860 1819 864 1907 Ι
911 1843 935 1884 c.

320 1929 365 1986 tto
387 1932 492 1986 coacta
513 1929 689 1987 mortalibus
710 1927 876 2004 provenire.
920 1928 939 1986 i.

165 2083 222 2140 His
244 2081 320 2140 locis
342 2081 492 2139 initiorum
514 2099 652 2141 numerus
674 2084 810 2158 apparet:

260 2202 300 2258 22
325 2205 354 2259 et
373 2203 497 2259 teneam
517 2201 641 2273 firmiter
662 2203 876 2275 oppessulatam
900 2197 905 2282 Ι
949 2202 968 2260 i.

314 2305 439 2377 pulsare
460 2304 601 2362 vocaliter
621 2304 773 2380 22σὶρίοᾶ)
815 2305 834 2362 i.

260 2441 299 2498 23
323 2441 492 2499 sarcinulas
514 2440 637 2513 hospitis
659 2443 813 2516 susceptas
931 2440 950 2498 i.

321 2561 357 2601 oc
378 2543 467 2602 simol
489 2559 522 2600 cc
537 2542 777 2620 promptoortm)
894 2543 912 2600 i.

261 2681 300 2737 23
324 2682 353 2738 et
374 2678 519 2754 hospitem
543 2696 638 2738 meum
660 2681 772 2755 perduc
794 2681 834 2738 ed
849 2681 1003 2754 proximos
1026 2681 1163 2738 balneos:
1186 2673 1190 2760 Ι
1236 2696 1261 2738 c.

321 2781 392 2840 satis
415 2780 507 2840 arduo
530 2782 635 2840 itinere
658 2785 747 2858 atque
762 2783 881 2856 prolixo
903 2783 1052 2858 fotipatos
1075 2787 1125 2842 est.
1169 2799 1194 2842 c.

709 3106 747 3164 11.

259 3245 284 3301 1.
314 3243 515 3319 contemplari
545 3242 683 3301 conducit
713 3241 909 3302 artificiosam
927 3242 1084 3302 dictionem
1106 3261 1291 3304 numerosam

168 3363 228 3420 qua
250 3347 345 3421 prima
367 3346 457 3404 totius
479 3345 548 3404 libri
571 3344 710 3422 periodus
732 3345 867 3422 praedita
889 3348 945 3404 est:
976 3347 1034 3421 „Ut
1056 3347 1182 3422 primum
1204 3351 1291 3406 nocte

165 3448 301 3506 discussa
331 3443 335 3524 Ι
366 3449 412 3507 sol
441 3465 535 3506 novus
566 3447 642 3506 diem
671 3448 743 3506 iecit
774 3443 778 3529 Ι
810 3452 839 3506 et
868 3466 970 3508 somno
1000 3449 1088 3508 simul
1110 3467 1239 3508 emersus
1262 3452 1292 3508 et

165 3551 279 3609 lectulo
311 3546 315 3632 Ι
348 3551 452 3609 anxius
482 3551 617 3626 alioquin
647 3554 677 3608 et
705 3551 792 3610 nimis
816 3551 939 3626 cupidus
964 3546 968 3632 Ι
993 3552 1192 3628 cognoscendi
1215 3569 1291 3627 qnae

165 3672 236 3712 rara
267 3654 400 3728 miraque
433 3656 513 3726 sunt,
544 3645 548 3732 Ι
582 3655 782 3728 reputansque
812 3670 858 3710 me
890 3653 987 3712 media
1016 3652 1191 3713 Thessaliae
1222 3655 1291 3712 loca

166 3759 283 3827 tenere,
315 3749 319 3836 Ι
343 3772 401 3830 quo
425 3754 496 3812 artis
518 3754 651 3830 magicae
673 3753 774 3811 nativa
797 3755 965 3813 cantamina
987 3749 991 3836 Ι
1014 3753 1104 3813 totius
1127 3754 1198 3813 orbe
1221 3771 1290 3813 con·

167 3874 240 3916 sono
264 3873 314 3916 cre
338 3857 549 3915 celebrentur.“
