3218 4918
707 333 897 392 ,8-

330 502 421 574 Quid
443 501 555 579 igitur
578 498 712 582 mirum,
743 503 835 579 quod
857 503 1035 579 Apuleius
1058 503 1108 579 qui
1131 521 1184 579 per
1207 520 1237 561 se
1259 505 1365 562 natura

243 605 402 682 indoleque
425 605 542 681 poetica
563 604 715 681 praeditus
737 604 828 663 fuisse
850 603 975 677 videtur,
997 603 1120 664 facere
1143 622 1212 664 non
1234 606 1365 681 potuit,

244 707 329 783 quin
358 723 427 765 non
450 705 550 764 modo
573 709 758 782 poetarum
780 722 886 764 voces
909 722 948 764 ac
970 704 1147 782 formas,¹)
1176 705 1365 764 sedetiam

244 812 353 868 metra
384 811 444 868 vel
473 810 571 886 ipsos
601 825 726 868 versus
756 800 857 884 operi
880 825 940 867 suo
963 806 1137 866 inferret?
1180 809 1266 866 Tunc
1289 809 1365 867 enim

244 928 292 969 ars
321 911 470 970 rhetorica
498 911 603 987 poesin
633 911 805 987 extinguere
833 910 883 968 vel
905 909 1003 986 potius
1026 910 1056 967 iu
1080 926 1160 969 suam
1183 910 1365 986 provinciam

245 1013 406 1073 transferre
428 1013 600 1090 temptabat.

333 1131 419 1203 Quod
441 1149 512 1191 vero
535 1131 578 1190 ad
601 1132 734 1208 Apulei
756 1132 936 1208 ingenium
958 1131 1134 1208 poeticum
1157 1132 1275 1205 attinet,
1297 1132 1328 1190 id
1350 1151 1367 1190 a

245 1233 510 1311 Friedlaenderoi)
541 1234 583 1291 ita
615 1233 802 1292 describitur:
839 1232 931 1307 ,Dais
961 1233 1108 1308 Apuleius
1138 1233 1204 1292 eine
1233 1233 1366 1310 poetisch

246 1337 404 1412 beaulagte
426 1337 522 1394 Natur
544 1354 617 1408 war,
640 1335 713 1393 wird
735 1335 873 1393 niemand
895 1334 1067 1406 bestrciten3
1098 1352 1129 1393 er
1153 1353 1212 1393 war
1234 1351 1265 1393 cs
1288 1335 1366 1394 wohl

246 1440 277 1497 in
300 1438 439 1498 hbhercm
454 1438 548 1497 Malse
571 1438 616 1496 als
640 1437 691 1495 der
713 1437 825 1513 guillste
841 1437 909 1495 Teil
934 1436 986 1496 der
1007 1454 1062 1495 uns
1084 1436 1254 1496 bekannten
1276 1437 1366 1495 naeh-

246 1539 473 1617 augusteischen
507 1539 643 1599 Dichter:
681 1538 773 1598 sehon
807 1539 855 1597 die
880 1538 971 1597 Wahl
1006 1539 1086 1598 eines
1108 1537 1368 1612 Volksmarchens,

246 1644 339 1702 Amor
360 1641 421 1699 und
435 1640 594 1718 Psyche,³)
615 1658 680 1699 zum
697 1639 887 1717 Gegenstand
910 1641 962 1699 der
976 1641 1171 1717 Darstellung
1186 1641 1247 1699 und
1262 1641 1367 1700 dessen

247 1745 408 1804 liebevolle
424 1743 621 1820 Behandlung
643 1743 721 1820 reigt
743 1744 791 1801 ein
813 1744 844 1800 in
865 1743 949 1814 jener
964 1743 1027 1801 Zeit
1048 1742 1128 1802 wohl
1151 1743 1219 1802 sehr
1239 1745 1366 1802 seltenes

247 1847 441 1906 Versttindnis
471 1845 548 1905 auch
577 1845 625 1904 fiir
654 1845 702 1904 die
729 1845 838 1903 wilden
867 1846 993 1904 Blumen
1023 1846 1075 1904 der
1105 1846 1221 1918 Poesic,
1254 1845 1367 1905 welche

247 1949 295 2008 die
324 1948 497 2025 poetischen
527 1949 745 2023 Kunstgiirtner
778 1947 838 2005 und
872 1947 962 2006 deren
996 1948 1193 2008 Bewunderer
1226 1948 1367 2008 vernehm

247 2053 454 2129 ignorierten.“

332 2172 432 2248 Atque
462 2189 498 2229 ex
520 2170 632 2245 Apulei
654 2170 815 2247 Floridis4)
845 2171 965 2228 elucet
987 2186 1059 2228 eum
1083 2171 1194 2229 variis
1216 2187 1368 2247 poeseos

247 2275 440 2352 generibus
462 2273 670 2331 incubuisse
693 2277 722 2330 et
747 2273 895 2347 „carmina
917 2276 950 2330 ut
971 2272 1194 2349 Empedoclem,
1224 2273 1368 2350 dialogos,

247 2379 382 2454 hymnos,
404 2377 506 2436 modos
520 2380 553 2434 ut
567 2374 783 2451 Epicharmum,
807 2375 945 2434 historias
960 2379 992 2434 ut
1007 2375 1241 2452 Xenophontem,
1264 2379 1368 2436 satiras

247 2486 280 2540 ut
291 2481 409 2542 Orateta
422 2480 655 2556 composuisse“;
670 2483 824 2555 praeterea
837 2478 972 2538 conferas
989 2497 1064 2555 quae
1079 2479 1227 2538 Lucienus
1242 2481 1369 2539 Mueller

248 2586 279 2642 in
300 2584 377 2642 libro
403 2585 466 2657 ,De
488 2599 520 2640 re
540 2583 661 2640 metrica
676 2585 829 2657 poetarum
844 2581 1033 2640 Latinorum“
1059 2582 1232 2659 inscriptoi)
1255 2601 1293 2641 no
1308 2583 1370 2641 evit

254 2687 317 2761 ,Ac
339 2687 463 2762 primum
487 2685 605 2760 quidem
621 2685 782 2761 Apuleium
805 2685 876 2743 satis
899 2688 1014 2744 constat
1037 2685 1067 2742 in
1083 2686 1159 2743 libro
1176 2685 1368 2745 Ludierorum

335 2941 356 3006 ¹)
374 2937 511 2992 Nonnulla
529 2938 564 2991 du
583 2937 683 3006 Apulei
708 2937 829 2992 dictione
852 2939 960 3008 poetica
977 2939 1216 3009 locutionibusque
1234 2956 1269 2994 ex
1288 2941 1370 2995 variis

247 3029 389 3093 poctarum
420 3023 581 3079 carminibus
611 3023 781 3093 depromptis
809 3025 983 3093 protulerunt
1009 3025 1118 3093 Koriol,
1150 3027 1369 3095 Kretzschmann,

247 3111 385 3165 Erdmann
413 3109 440 3164 ll.
459 3126 497 3164 cc.
529 3099 688 3165 'Praeterea
714 3110 834 3165 Gatseha
860 3111 875 3164 l.
895 3128 918 3165 c.
945 3111 1062 3178 probare
1089 3111 1206 3179 studuit,
1236 3118 1370 3180 quatenus

247 3197 364 3264 scriptor
381 3211 398 3250 a
415 3197 506 3264 puetis
523 3197 620 3250 aetatis
638 3195 798 3265 Augusteae
816 3201 899 3264 atque
917 3196 1047 3265 imprimis
1065 3196 1212 3266 aVergilio
1231 3202 1260 3252 et
1271 3197 1370 3252 Ouidio

247 3280 380 3350 pendeat,
403 3281 431 3335 in
455 3281 544 3350 capite
567 3281 654 3351 primo
678 3281 757 3336 inscr.
783 3281 841 3349 ,De
858 3278 977 3351 Apuleio
995 3280 1120 3336 studioso
1138 3287 1280 3351 puetarum
1298 3281 1370 3336 Lati·

247 3382 345 3422 norum
362 3366 489 3422 lectore.“

333 3470 356 3539 ²)
373 3470 427 3526 lc.
445 3474 544 3545 pili).

334 3573 356 3642 ³)
373 3573 536 3642 Nuperrime
552 3573 604 3628 Ed.
615 3574 725 3629 Norden
743 3579 800 3630 arte
818 3574 935 3644 quadam
953 3575 1041 3630 varias
1059 3575 1225 3630 subtilitates
1243 3575 1371 3630 dictionis

248 3659 418 3728 Apuleianac
435 3658 569 3713 vertendo
588 3660 739 3728 exprimere
757 3666 870 3716 conatus
888 3665 942 3730 est,
966 3660 1120 3729 (Apuleius’
1139 3662 1267 3717 Miirchen
1285 3661 1372 3718 Amor

249 3745 305 3799 und
323 3743 442 3814 Psyche,
464 3744 629 3813 iibertragen
653 3761 708 3799 von
726 3746 777 3800 Ed.
790 3746 915 3814 Norden,
940 3747 1053 3816 Leipzig
1072 3747 1148 3814 1902)
1173 3748 1208 3802 de
1227 3764 1282 3817 quo
1300 3747 1370 3803 libro

249 3829 283 3886 G.
294 3831 411 3884 Ammon
433 3829 461 3883 in
485 3829 598 3898 Ephem.
612 3830 701 3884 Berol.
714 3830 807 3899 philol.
829 3846 853 3886 a.
870 3835 933 3886 1902
958 3848 1004 3886 ne.
1017 3837 1050 3887 lt
1074 3833 1128 3888 hoc
1151 3833 1281 3887 iudicium
1305 3832 1370 3887 sert:

251 3915 346 3983 „Aueh
364 3915 414 3970 der
431 3915 587 3985 Rhythmus
606 3915 662 3969 und
680 3915 725 3970 die
742 3916 833 3970 vielen
851 3918 1075 3973 Homoioteleuta
1093 3919 1142 3973 des
1159 3917 1291 3988 Originals
1309 3919 1371 3973 sind

249 4006 300 4069 gut
316 3999 555 4070 wiedergegeben,
574 4000 668 4056 sodais
687 4001 775 4056 selbst
792 4002 835 4057 ein
853 4003 902 4058 des
914 4003 1025 4059 Latcins
1038 4003 1218 4075 Unkundiger
1233 4005 1293 4058 eine
1303 4004 1371 4060 Ver·

249 4084 370 4155 stellung
387 4102 442 4140 von
456 4087 537 4157 jener
555 4086 740 4156 eigenartigen
758 4087 976 4144 Worthitnstelei
994 4089 1138 4159 gewiunen
1155 4089 1251 4144 kann.u

336 4188 357 4257 ⁴)
374 4204 400 4256 p.
415 4192 454 4257 12,
468 4192 554 4258 taqq.
573 4193 601 4243 et
619 4192 659 4257 34,
673 4193 758 4259 3sqq.
778 4189 821 4244 ed.
835 4190 957 4245 flildebr.

335 4288 665 4359 ummmwm

591 4778 889 4894 .ss
