3218 4918
609 271 899 372 .-3-

152 561 154 564 ,
243 487 302 562 qui
324 487 523 545 elocutioni
538 485 764 561 Apuleianae
788 487 930 560 operam
953 485 1187 556 navaverunt,
1210 482 1363 542 adhunc

244 589 335 648 diem
371 587 706 664 Metamorphoseon
742 587 959 646 dictionem
997 586 1240 664 ‚,uumerosam“,
1276 579 1364 661 quam

244 691 378 768 equidem
393 691 547 777 intellego,
570 675 662 749 satis
677 707 716 748 ac
732 693 830 748 recte
845 689 1080 766 perspexisse
1096 707 1232 748 censeo.
1259 690 1363 763 Neque

242 812 313 853 vero
328 795 422 852 multa
437 793 475 851 ad
489 810 552 851 rem
566 792 680 857 faciunt
700 811 735 851 ea
751 809 827 868 quae
842 811 860 850 a
874 791 1026 851 Friderico
1042 791 1171 852 Gatscha
1181 791 1204 869 ¹)
1226 793 1255 850 et
1271 807 1364 867 nuper

134 881 135 884 ¹
243 897 280 955 ab
302 895 430 954 Aliredo
453 893 642 972 KIrchhoiil)
666 894 815 971 disputata
838 897 906 952 sunt
928 893 965 952 de
988 895 1191 954 clausularum
1212 910 1267 952 usu
1290 911 1363 968 quas

243 999 346 1058 dibnnt
371 997 604 1072 „rhythmicas“:
627 998 714 1056 immo
734 999 828 1055 multa
842 996 939 1055 adhuc
955 996 1154 1073 disputatIone
1170 997 1260 1072 digua
1275 999 1364 1071 atquc

152 1109 154 1113 '
243 1099 411 1162 necessaria
444 1111 520 1160 esse
537 1101 663 1176 patebit,
693 1099 866 1177 praesertim
893 1105 961 1159 'cum
991 1101 1039 1157 illi
1068 1101 1125 1158 viui
1156 1100 1235 1159 docti
1265 1117 1364 1158 errare

244 1202 401 1262 videantur
423 1203 461 1262 do
482 1204 642 1280 praepruo
665 1202 865 1276 fundamento,
888 1203 959 1278 quid
982 1203 1100 1262 omniuo
1126 1205 1299 1277 „numerus“
1319 1203 1363 1261 sIt.

186 1375 197 1386 γ’
284 1301 287 1305 ’
329 1306 406 1365 Sane
428 1307 548 1365 dubium
569 1323 630 1366 non
653 1310 720 1387 est„
739 1307 811 1381 quin
833 1307 884 1381 qui
907 1307 1024 1366 omnino
1048 1307 1220 1383 scriptorem
1243 1307 1364 1382 eiusque

245 1412 337 1467 artem
363 1413 451 1484 atque
476 1409 620 1468 rationem
638 1408 799 1468 'scribendi
825 1408 963 1467 subtilem
988 1413 1068 1468 recte
1097 1409 1250 1486 percipere
1276 1412 1365 1484 atque

243 1513 406 1588 persentire
429 1513 510 1584 velli,
533 1515 740 1572 numerosae
767 1529 905 1587 quoque
929 1511 1199 1588 compositionis
1221 1511 1365 1570 rationem

244 1614 354 1672 habere
367 1617 496 1690 cogatur.
520 1613 716 1684 Quamobrem
733 1631 792 1672 non
803 1631 923 1690 possum
935 1613 1042 1686 facere,
1056 1615 1126 1689 quiu
1142 1614 1179 1672 iis
1191 1614 1241 1688 qui
1253 1613 1365 1689 Apulei

130 1757 132 1760 -
245 1716 441 1774 elocutionem
464 1717 655 1792 contemplati
677 1733 813 1774 numeros
843 1717 933 1792 plane
960 1717 1128 1789 omiserunt,
1150 1717 1234 1774 illam
1261 1716 1364 1790 negle-

246 1819 374 1893 gentiam
397 1819 481 1893 gravi
504 1818 661 1895 opprobrio
685 1817 763 1876 dem:
787 1817 840 1876 sed
862 1821 957 1878 exstat
980 1835 1081 1891 causa,
1104 1819 1214 1878 curiis
1237 1817 1364 1892 quodam

246 1919 333 1978 modo
362 1920 479 1978 veniam
508 1920 637 1980 tribuere
666 1920 764 1979 liceat.
808 1921 885 1979 Nam
914 1921 1123 1980 recentissimis
1153 1920 1268 1980 demum
1294 1923 1366 1978 tem-

247 2021 369 2098 poribus
391 2021 488 2081 studia
510 2023 631 2082 metrica
653 2040 689 2082 ac
710 2023 870 2099 praecipue
892 2022 1064 2096 rhythmica
1081 2021 1184 2082 relota.
1200 2026 1229 2082 et
1252 2021 1289 2080 de
1312 2038 1367 2080 usu

245 2124 366 2200 antiquo
389 2142 576 2184 numerorum
598 2125 761 2184 sententiae
785 2125 924 2184 certiores
952 2125 1151 2200 clarioresque
1183 2142 1270 2200 quam
1294 2141 1367 2198 quas

232 2226 343 2294 ¹adhuc
365 2244 402 2286 cx
417 2227 649 2286 institutionibus
665 2228 840 2303 scriptisque
857 2229 992 2288 oratoriis
1006 2245 1190 2300 noveramus,
1213 2231 1366 2303 promptae

246 2332 276 2387 et
297 2329 389 2387 variis
411 2329 631 2404 quaestiouibus
653 2330 783 2388 vlrorum
805 2321 958 2390 doctoru'm
980 2330 1121 2405 probatae
1141 2333 1220 2388 sunt:
1244 2337 1367 2404 quorum

246 2431 382 2506 plerique
424 2430 461 2488 de
499 2431 633 2488 clausula
669 2429 832 2503 rhetorica,
874 2435 952 2490 certe
989 2433 1072 2507 gravi
1109 2435 1193 2508 parte
1230 2430 1367 2490 diotIonis

248 2547 430 2604 numerosae,
460 2534 596 2607 egerunt,
628 2535 689 2589 tum
719 2533 771 2590 alii
800 2533 1021 2607 responsionem
1053 2537 1198 2592 certarum
1226 2533 1367 2592 oratIcnis

248 2633 375 2709 partium
398 2633 679 2707 demonstraveruut,
703 2633 829 2710 denique
852 2635 904 2694 alii
924 2653 1026 2694 eruere
1042 2638 1267 2712 temptaverunt,
1291 2651 1366 2711 quae

247 2752 403 2794 numerose
426 2735 574 2794 scribendi
595 2738 679 2812 leges
702 2755 737 2795 ac
752 2740 912 2813 praecepta
931 2737 1049 2811 fuerint,
1072 2739 1136 2811 etsi,
1155 2742 1188 2796 ut
1203 2738 1367 2797 absolutam

249 2843 278 2898 et
299 2838 462 2914 perlectam
484 2857 545 2898 rem
568 2843 776 2916 proponerent,
798 2840 895 2900 adhuc
917 2841 1047 2900 nondum
1070 2842 1201 2916 contigit.

332 2942 445 3001 Tamen
467 2943 498 3000 in
517 2945 580 3001 tota
602 2943 774 3017 quaestione
789 2945 907 3018 praeter
922 2943 1143 3014 dissertationes
1158 2943 1244 3002 modo
1260 2945 1368 3002 allatas

247 3043 395 3104 Gaisohae
418 3048 448 3102 et
469 3043 627 3104 Kirchoffii
654 3032 836 3104 multa'me
859 3045 988 3105 debere
1010 3047 1167 3106 libenter
1189 3046 1368 3122 profiteor

248 3147 378 3206 studiis

333 3247 453 3325 Georgii
465 3249 569 3308 Wuest
590 3249 650 3326 (De
673 3251 808 3308 clausula
829 3249 976 3310 rhetorica
999 3267 1074 3326 quae
1089 3250 1241 3327 praecepIt
1257 3250 1367 3310 Cicero.

247 3342 369 3410 Dissert.
392 3351 515 3428 Argent.
541 3351 644 3428 1881).

333 3453 450 3512 Ernesti
473 3454 600 3512 Mueller
620 3453 680 3531 (De
702 3471 823 3516 numero
847 3453 1047 3514 Ciceroniana
1092 3455 1169 3514 Diss.
1185 3455 1245 3513 Kil.
1265 3454 1368 3532 1886).

333 3554 477 3614 Ludcvici
500 3557 597 3614 Havet
627 3556 683 3634 (La
712 3574 799 3632 prose
829 3558 972 3632 metrIque
1003 3557 1040 3615 dc
1062 3557 1238 3632 Symmaque
1268 3559 1297 3614 et
1324 3558 1368 3614 les

249 3656 378 3732 origines
397 3659 556 3734 metuiques
572 3659 611 3720 du
627 3677 737 3732 cursus,
760 3659 843 3718 Paris
861 3660 950 3731 1898,
974 3663 1002 3718 et
1027 3659 1157 3732 „Cicero²
1180 3659 1215 3718 de
1232 3659 1365 3716 oratore“

248 3757 280 3816 iu
302 3759 373 3818 Rev.
397 3758 433 3818 de
456 3759 560 3836 philol.
587 3762 676 3834 1893,
698 3764 766 3820 tom.
778 3761 884 3838 XVII).

334 3943 357 4006 ²)
373 3939 446 3998 suu.
460 3941 587 4012 Gatscha
606 3943 801 4008 Quaestionum
814 3943 1025 4012 Apuleianarum
1038 3943 1128 4011 capita
1139 3942 1191 3995 tria
1207 3941 1234 3994 in
1252 3941 1367 3996 Dissert.

247 4025 343 4094 philol.
360 4025 479 4081 Vimlob.
497 4025 553 4082 vol.
565 4027 598 4096 V,
619 4033 691 4096 1895,
710 4045 737 4097 p.
752 4033 894 4082 141-199.

333 4112 355 4179 ²)
379 4109 447 4167 Alfr.
467 4111 620 4178 Kirchhoff‚
644 4114 686 4167 De
710 4112 811 4181 Apulei
835 4112 1014 4167 clausularum
1038 4111 1236 4179 compositione
1260 4114 1289 4166 et
1310 4115 1369 4165 arte

248 4196 422 4264 quaestiones
450 4197 571 4266 criticae,
598 4197 670 4252 Diss.
695 4198 804 4253 VratIsl.
832 4202 908 4266 1902,
935 4198 963 4250 in
989 4196 1085 4250 Annal.
1111 4195 1205 4264 philol.
1233 4195 1368 4252 Fleckeis.

248 4281 295 4335 vol
315 4281 438 4338 XXVIII
456 4282 547 4351 suppl.
565 4299 590 4351 p.
607 4286 689 4352 lsqq.

1168 4379 1198 4440 l*
