3218 4918
611 285 823 344 ...47-

243 453 321 526 Quid
336 457 374 515 ad
389 455 465 516 hanc
481 458 682 533 quaestionem
702 457 854 517 difficilem
871 456 1088 516 diiudicandam
1104 457 1276 534 compositio

155 575 311 617 numerosa
334 559 439 618 afferre
462 560 563 636 possit,
587 578 623 618 ex
645 559 691 618 his
715 561 857 636 exemplis
873 559 1000 634 quodam
1023 559 1109 620 modo
1133 561 1276 618 elucebit:

242 661 315 718 vla
330 661 482 738 Scriptura
500 663 732 736 „remmeacula“
750 663 781 718 in
793 661 924 736 Psyches
939 663 1076 738 precibus
1092 661 1130 720 ad
1142 661 1277 721 Cererem

157 761 243 820 deam
270 764 366 823 missis
397 764 474 822 hanc
504 765 653 840 egregiam
682 764 903 840 responsionem
933 767 1061 830 totorum
1083 765 1277 824 membrorum

157 864 300 924 ostendit:
321 900 381 908 —-
390 892 928 916 ----------------

260 972 289 1028 et
310 970 523 1028 intnrninarurn
544 969 740 1042 Proserpinae
761 971 934 1044 nuptiarurn
956 969 1126 1029 derneaenta
1149 965 1152 1052 Ι

260 1075 289 1129 et
312 1073 524 1131 turninosarurn
545 1072 626 1144 tiliae
648 1073 850 1130 inventionum
871 1074 1074 1132 rernneucuta.

156 1190 298 1250 Similiter
320 1192 434 1250 numeri
456 1193 552 1268 gratia
574 1193 602 1250 X
620 1192 656 1251 15
680 1193 837 1251 lectionem
863 1195 1079 1267 „remmanere“
1102 1211 1277 1278 proponam:

309 1363 436 1422 Insolito
456 1381 584 1437 narnpue
607 1365 727 1438 terporis
748 1366 888 1424 uast'tate
910 1365 1051 1434 commoti
1079 1387 1125 1418 -ψ

308 1465 329 1524 f.
352 1483 471 1542 prorsus
493 1467 637 1526 intactusn
659 1467 764 1525 cotidie
784 1483 963 1525 rernrnanere
986 1472 1133 1527 sementes
1156 1462 1160 1550 Ι
1191 1492 1235 1523 ->

310 1613 362 1626 ...
384 1568 458 1628 hora
481 1573 623 1628 consueta
644 1570 726 1627 uelut
746 1569 869 1628 balneas
884 1571 1018 1644 petituri.

212 1687 243 1744 II
266 1688 284 1745 9
309 1690 411 1746 contra
433 1688 504 1748 solis
520 1690 613 1746 aciern
626 1693 743 1762 capetus
757 1688 896 1762 sulpurat
910 1683 915 1770 Ι
931 1689 978 1748 aet
985 1690 1126 1763 placidus
1140 1693 1274 1749 rennitet.

177 1808 285 1866 V1120
308 1809 340 1866 in
355 1809 525 1882 proniuarn
546 1809 681 1869 casularn
702 1809 819 1868 uendite
843 1803 847 1890 Ι

309 1911 561 1987 miserrimumque
584 1911 666 1970 istud
685 1913 888 1986 rnapisteriun
908 1929 1064 1972 rennuens,

174 2031 247 2088 VIII
270 2030 288 2088 5
314 2031 488 2105 Quadrupes
508 2032 656 2090 reeeidens
680 2025 684 2112 Ι
708 2049 767 2107 qua
789 2008 912 2107 sanquis
935 2033 1098 2106 effluxerat.

203 2149 246 2208 IX
272 2151 286 2207 l
310 2149 387 2208 nihil
401 2151 535 2209 Fortuna
553 2155 713 2210 rennuente
736 2145 740 2233 Ι
765 2151 837 2209 licet
859 2151 887 2209 h.
903 2171 930 2210 n.
947 2151 1100 2210 deuteruna
1116 2155 1279 2226 provenire.

156 2254 284 2312 Primam
315 2253 463 2328 syllabam
492 2254 575 2312 verbi
609 2254 774 2331 ‚‚reperire“
800 2253 946 2312 interdum
968 2256 1088 2331 longam
1111 2256 1207 2314 metiri
1228 2273 1279 2314 ne-

157 2373 240 2414 cesse
263 2373 327 2414 esse
349 2355 424 2414 haec
447 2357 584 2431 exempla
605 2356 743 2414 videntur
766 2355 914 2432 docerel)

215 2475 286 2533 IVl
311 2476 343 2533 in
363 2475 490 2534 hortulis
512 2475 641 2534 canctus
662 2478 836 2550 repperirem
857 2477 1004 2534 rosarium
1028 2471 1032 2557 Ι

311 2581 426 2636 erectus
448 2578 479 2636 in
501 2577 648 2636 hominem
670 2580 853 2652 inspectante
874 2579 959 2638 nulio
981 2595 1167 2654 resurperern.

196 2696 237 2754 IV
250 2698 286 2754 21
309 2699 423 2758 nullam
444 2696 531 2756 fidem
553 2698 584 2756 in
606 2699 671 2757 vita
692 2703 797 2758 nostra
817 2701 958 2773 repperiri
980 2693 984 2780 Ι

312 2800 390 2876 quod
487 2800 554 2860 odio
576 2799 719 2877 perfidiae
740 2806 861 2861 nostrae
883 2802 1061 2877 derniprarit.

159 2935 218 2994 quo
240 2919 307 2978 loco
323 2921 564 2980 annominatio
579 2919 694 2997 (nostra
709 2954 751 2964 -
765 2920 899 2998 nostrae)
913 2922 1112 2980 clausularum
1127 2939 1278 2980 numerum

157 3025 254 3098 auget.

242 3125 284 3184 VI
302 3128 340 3184 12
370 3144 435 3186 cum
462 3126 651 3203 quadruplici
672 3126 850 3203 repetitione
873 3127 1026 3186 clausulae
1050 3126 1278 3187 choriambioae:

159 3227 215 3301 „Et
238 3229 450 3304 cumprimum
473 3230 609 3306 mitigata
630 3230 715 3302 furia
731 3223 734 3311 Ι
751 3229 918 3288 laxaverint
938 3246 1004 3288 oues
1020 3231 1159 3301 anirnurn,
1184 3225 1188 3312 Ι
1211 3247 1278 3306 per·

156 3330 250 3389 cussis
272 3330 428 3390 irondIbus
450 3333 558 3408 attigui
577 3334 705 3390 nemoris
729 3326 733 3414 Ι
757 3333 891 3391 lanosum
915 3334 1208 3406 au1·umrpperies.“
1273 3375 1274 3380 η

241 3433 348 3492 V1113
372 3438 569 3511 opportunum
590 3437 748 3508 repperiret
763 3436 857 3494 lacurn
879 3462 921 3486 =
943 3436 1033 3512 copia
1049 3435 1279 3498 custodientium

154 3539 297 3597 annuet.
906 3549 907 3552 ’

240 3637 471 3703 Prosodiam
507 3639 763 3700 vocabulorum
800 3639 1018 3717 quorundam
1054 3657 1116 3717 per
1153 3657 1188 3699 se
1225 3640 1278 3698 in-

155 3744 286 3799 certam
324 3758 430 3818 saepe
466 3743 601 3802 numeri
638 3760 702 3820 ope
740 3743 862 3818 aliquo
895 3741 996 3801 modo
1030 3742 1141 3801 statui
1173 3759 1277 3818 posse

154 3905 275 3975 Sprache
293 3906 347 3960 ΙΙΙ8
363 3923 389 3976 p.
400 3910 458 3975 366,
478 3907 529 3963 sed
541 3907 644 3976 Apulei
661 3923 795 3977 nusquam
812 3907 946 3962 rationem
963 3907 1071 3963 habult:
1089 3908 1279 3977 repperiantur

154 3992 185 4048 O.
195 3991 222 4047 J.
231 3993 261 4048 L.
280 3993 307 4048 V
320 3997 369 4048 532
396 3992 482 4048 coll
506 3993 552 4047 lin.
571 3999 610 4048 14.
642 3993 800 4062 Forcellini,
827 3994 920 4048 Leria.
952 3992 1030 4049 locos
1053 3993 1181 4061 contulit,
1204 3995 1283 4054 unde,

154 4078 305 4146 scripturae
324 4080 494 4148 „repperies“
515 4084 543 4134 et
562 4080 749 4148 „repperiens“
769 4079 913 4133 firmantur.

241 4165 263 4233 ¹)
287 4165 351 4234 Ipse
368 4165 445 4221 Vliet
467 4165 494 4219 in
518 4165 559 4220 his
578 4170 708 4234 quattuor
726 4165 856 4233 exemplis
878 4165 1037 4233 scripturam
1061 4165 1230 4234 „repperIre“
1250 4165 1283 4219 in-

153 4253 261 4305 textum
279 4250 396 4319 recepit!
