3218 4918
624 333 837 396 ,63-

263 507 301 566 15
324 506 382 567 Sed
404 507 509 566 melius
532 507 568 566 de
591 510 620 567 te
643 507 833 579 doctrinaque
857 509 908 564 tua
924 521 1093 580 praesuma,
1117 500 1121 586 Ι
1167 521 1191 564 c.

326 612 377 684 qui
391 614 513 685 praeter
532 627 703 684 aeuucsau
724 609 873 667 catallum
896 641 935 652 —
980 608 998 666 i.

261 747 297 804 16
321 746 395 804 Tres
417 745 533 822 periodi
555 744 768 820 subsequentes
790 762 843 821 per
859 743 982 802 eandem
998 745 1150 802 clausulas
1167 743 1290 802 lcrmam

172 876 436 899 --------
459 847 689 907 concluduntur:

327 951 538 1025 capillamenta
559 951 703 1024 sumque
725 986 764 996 -
791 953 817 1008 te
839 953 1007 1008 caustautu
1028 951 1152 1008 obiciam
1176 983 1215 994 -
1331 933 1335 944 ’

328 1054 455 1130 capillos
476 1051 666 1112 absconditos
686 1053 782 1111 iratus
805 1052 941 1126 abtipuit.

261 1191 302 1249 24
332 1191 407 1249 cutis
436 1190 550 1248 tenella
580 1188 705 1247 duratur
732 1190 765 1246 iu
788 1189 897 1247 cariua
920 1183 924 1268 Ι
949 1191 978 1246 et
999 1188 1030 1246 in
1053 1189 1194 1248 extimis
1216 1191 1294 1266 pal-

175 1293 281 1352 mulis
305 1287 445 1374 {perdita
481 1309 602 1351 auuera
637 1286 641 1372 Ι
675 1292 730 1350 tati
767 1290 852 1366 digiti
890 1294 1034 1367 coguntur
1067 1292 1098 1348 in
1132 1293 1294 1368 singulas

175 1397 331 1472 ungulas
356 1391 360 1476 Ι
384 1394 473 1454 etde
496 1395 613 1471 spinae
635 1411 708 1453 mec
731 1393 881 1452 termino
905 1388 909 1474 Ι
934 1411 958 1452 e.
975 1411 1002 1469 q.
1018 1411 1040 1452 s.

329 1501 358 1556 et
380 1515 466 1556 nares
488 1497 604 1555 hiantes
628 1501 657 1554 et
679 1497 775 1555 tabiae
790 1497 949 1570 acutulae,
974 1490 978 1578 Ι
1025 1514 1049 1555 c.

213 1639 215 1643 .
328 1601 377 1660 Sic
400 1603 429 1660 et
451 1617 536 1659 aures
559 1598 721 1658 immodicis
745 1599 923 1673 tuu'qiitaut
944 1601 1085 1659 auctibus.
1129 1617 1154 1659 c.

262 1756 319 1814 Vel
341 1772 357 1813 (t
372 1781 414 1806 =
429 1755 439 1811 i
461 1787 485 1796 -
495 1779 793 1804 ---------
805 1779 839 1804 Ν

330 1875 416 1917 nares
438 1858 554 1917 biautes
577 1861 605 1916 ct
627 1857 723 1915 labiae
739 1857 898 1930 pendulae.
922 1850 926 1937 Ι
950 1868 952 1871 ·
972 1873 995 1914 c.

331 1960 381 2020 Sic
403 1965 538 2020 atauus
560 1961 722 2020 immodicis
744 1959 920 2034 buu'qaclant
941 1958 1084 2018 auctibus.
1128 1960 1147 2018 i.

264 2118 303 2176 26
330 2116 448 2178 membr.
461 2143 503 2168 =
517 2117 528 2174 i
547 2141 927 2168 ------------
941 2140 974 2165 ω

330 2225 459 2280 aueutes
481 2221 592 2280 scilicet
613 2221 731 2278 cibariis
752 2220 815 2278 suis
838 2212 842 2299 Ι

330 2325 379 2381 aiu
399 2339 445 2382 ue
460 2323 617 2396 praesepia
638 2322 735 2380 vidue
750 2321 978 2394 qraaiuautem.

265 2477 304 2534 27
333 2476 515 2535 cantherium
529 2477 682 2550 patiemur
702 2475 790 2535 istum
814 2509 852 2518 -
943 2476 961 2534 i.

332 2597 411 2637 uuuc
433 2580 522 2637 etiam
543 2579 712 2639 simulacris
731 2578 852 2637 deorum
870 2611 912 2621 —
943 2578 962 2636 i.

267 2731 307 2788 28
333 2731 418 2790 Tunc
438 2732 607 2807 opuleatiae
627 2733 737 2790 aimtae
758 2732 849 2790 atinio
873 2726 877 2812 Ι
908 2748 932 2789 c.

333 2850 388 2892 uas
400 2834 473 2894 duos
489 2835 589 2894 asiuos
605 2838 633 2892 et
644 2850 749 2907 cquua
763 2851 859 2892 meum
873 2867 916 2876 —
937 2834 956 2891 i.
970 2747 985 2893 Ι
1003 2809 1301 2834 υυυυυυυυυ

266 2986 380 3046 Ibidem
403 3005 474 3046 e=
490 2989 501 3046 i
516 3014 913 3038 ------------

335 3089 400 3162 Quo
416 3093 535 3166 cassia
556 3091 669 3151 reclusa
694 3094 771 3152 totas
793 3108 861 3165 apes
884 3085 1076 3172 euetuat11)

333 3196 499 3269 raptimque
520 3196 685 3255 causticae
705 3195 832 3255 sareiuis
853 3195 965 3270 siuqati
985 3194 1160 3271 partiuntur.

268 3350 307 3406 29
337 3347 409 3408 (iana
441 3351 564 3423 dauique
596 3351 658 3408 iau
693 3350 754 3409 buc
787 3351 951 3410 clarissima
981 3344 985 3431 Ι
1017 3349 1114 3408 vicum
1145 3350 1301 3426 quempiam

181 3447 366 3525 frequentem
379 3455 407 3510 et
418 3454 559 3513 nundiuis
571 3453 708 3512 celebrem
713 3455 942 3527 practuiruaus
959 3447 963 3534 Ι
980 3455 1035 3512 etc.
1058 3453 1068 3510 i
1080 3469 1149 3511 =e
1163 3478 1197 3504 ω
1210 3487 1233 3495 -
1243 3479 1303 3503 w

267 3671 380 3730 Ibidem
402 3673 568 3733 i=i=c
583 3702 848 3725 --------
861 3700 895 3726 ω

334 3774 417 3834 Nau
439 3793 504 3834 cuca
524 3777 636 3837 uultus
656 3777 779 3837 villulas
801 3781 831 3836 et
851 3794 935 3836 casas
957 3778 1071 3854 amplas
1093 3809 1136 3819 -

335 3878 368 3936 iu
390 3894 446 3950 qua
463 3882 585 3952 praeter
606 3883 717 3939 ceteras
738 3883 842 3954 qratas
864 3878 1005 3938 herbulas
1029 3873 1033 3960 Ι

335 3997 421 4039 rosae
442 3981 573 4057 virgines
594 3984 740 4041 matutiuc
762 3999 828 4040 rare
848 3983 1000 4054 fluebant.

272 4231 291 4301 ¹)
310 4231 444 4287 Numerus
462 4232 608 4288 lectionem
627 4233 777 4301 „evehunt“
798 4249 879 4303 quam
892 4235 968 4292 Vliet
984 4250 1034 4304 pro
1053 4233 1153 4289 tradita
1170 4234 1305 4304 scriptura

184 4317 318 4388 „vehunt‘
337 4318 449 4388 recepit,
467 4324 563 4390 aperte
581 4319 760 4376 commendat.
