3218 4918
642 331 854 394 ..31-

269 524 387 599 Atque
420 523 597 599 Apuleius
630 541 808 582 numerum
842 511 1071 585 distinctioni
1104 510 1308 586 rhetoricae

182 627 288 684 anxie
311 625 518 698 adstrinxit,
540 627 624 684 velut
645 625 702 684 hoc
724 627 804 698 loco,
831 627 909 685 unde
932 629 1028 686 statim
1051 629 1194 687 rationem
1217 648 1307 688 com-

182 729 377 804 positionis
389 745 595 787 numerosae
607 729 882 805 Metamorphoseon
894 730 1022 806 quodam
1034 731 1120 790 modo
1133 749 1307 808 cognoscas:

269 849 314 906 19
342 849 528 924 „Cauponem
549 866 665 924 quoque
685 849 814 907 vicinum
835 853 922 924 atque
946 851 983 909 ob
1006 851 1037 909 id
1058 853 1204 910 aemulum
1229 848 1233 934 l
1258 853 1307 912 de-

181 951 324 1010 formavit
346 952 377 1008 in
399 969 501 1009 ranam
525 946 528 1030 i
559 955 587 1009 et
609 969 688 1009 nunc
715 969 806 1010 senex
832 953 885 1010 ilie
913 947 1189 1014 dolium'innatans
1214 949 1218 1036 Ι
1246 956 1308 1014 vini

182 1055 229 1112 sui
244 1053 421 1112 adventores
437 1037 577 1129 pristinos
601 1049 605 1134 1
629 1054 660 1110 in
675 1052 759 1110 iaece
775 1054 944 1113 summissus
953 1054 977 1130 ¹)
1001 1048 1004 1135 i
1029 1054 1169 1114 officiosis
1188 1056 1307 1116 ronchis

179 1173 290 1215 raucus
312 1157 473 1232 appellat.“

270 1259 382 1329 Quater
404 1259 522 1335 singula
541 1258 628 1316 huius
648 1258 763 1334 periodi
778 1258 908 1317 membra
930 1259 1007 1318 idem
1030 1263 1153 1319 metrum
1176 1261 1306 1320 dilucide

182 1362 329 1438 praebent
351 1389 513 1410 -----
521 1379 563 1433 ³,
586 1364 631 1419 ter
654 1362 815 1434 clausulae,
839 1363 931 1420 semel
953 1363 1076 1421 initium.

473 1480 652 1554 deformavit
672 1483 705 1539 ia
725 1476 861 1562 cauom!
907 1483 944 1540 cl.

474 1589 503 1642 ct
522 1603 601 1642 auco
623 1601 710 1643 seusu
730 1585 782 1642 illc
804 1629 810 1642 .
834 1629 870 1642 ..
914 1585 952 1642 in.

472 1689 505 1744 ia
526 1688 609 1760 [cecc
631 1681 831 1768 commissuri
878 1688 914 1746 cl.

472 1806 498 1847 o.
510 1789 628 1848 ronchis
649 1806 757 1848 raucus
780 1789 919 1862 appellat.
964 1791 1000 1848 cl.

183 1907 322 1966 Videmus
346 1925 383 1966 ex
405 1907 461 1967 hoc
485 1909 630 1984 exemplo,
659 1926 819 1982 numerum,
850 1926 908 1983 quo
931 1909 969 1968 sit
991 1909 1125 1983 vicinior,
1154 1928 1189 1970 eo
1212 1912 1306 1986 magis

186 2011 359 2088 eminere²):
382 2014 489 2084 tamen,
513 2011 568 2069 etsi
590 2012 623 2068 in
644 2010 701 2070 hae
723 2012 807 2070 brevi
826 2013 973 2070 sententia
988 2016 1093 2088 quater
1108 2012 1193 2086 redit,
1215 2015 1305 2072 inter-

182 2114 250 2172 dum
273 2114 496 2189 interrumpitur
525 2132 617 2190 parvo
645 2115 813 2186 intervallo,
845 2115 1031 2192 rescriptor
1059 2114 1110 2174 fiat
1132 2116 1307 2193 metricus.³)

267 2217 481 2290 Plerumque
511 2233 595 2274 vero
622 2217 813 2292 Apuleium
839 2218 974 2276 numeri
1000 2217 1183 2292 frequenti
1205 2236 1305 2294 repe-

179 2321 311 2378 titione
334 2319 434 2377 ahuti
457 2319 628 2390 elucebit,
651 2320 746 2376 itaut
769 2337 979 2394 nonnunquam
1001 2319 1064 2378 iere
1086 2319 1184 2378 taedio
1205 2338 1305 2380 mouc-

180 2423 290 2493 toniae,
323 2423 347 2480 si
376 2421 467 2480 verbo
498 2423 541 2480 uti
569 2422 649 2493 licet,
680 2423 834 2480 satiemur:
868 2423 954 2480 sicuti
984 2423 1074 2498 igitur
1103 2440 1246 2499 persaepe
1273 2425 1304 2480 in

183 2524 289 2582 ceteris
319 2525 496 2583 ornamentis
522 2524 677 2582 rhetoricis
704 2525 824 2582 nimium
852 2541 883 2584 se
910 2526 1065 2600 praestitit,
1095 2527 1136 2583 ita
1160 2527 1304 2602 composi·

184 2626 292 2684 tionem
325 2644 509 2686 numerosam
543 2626 605 2684 fere
637 2627 763 2685 absurde
793 2630 881 2702 atque
907 2626 1032 2686 ridicule
1060 2629 1159 2686 coluit.
1203 2629 1304 2705 Atque

184 2727 286 2786 Cicero
315 2746 379 2787 eum
409 2729 598 2788 vehementer
625 2729 830 2805 vituperasset,
860 2730 885 2787 si
907 2730 1184 2806 Metamorphoseon
1210 2731 1303 2790 libros

183 2831 329 2906 inspicere
345 2833 371 2890 ei
385 2832 527 2903 licuisset,
549 2849 660 2890 memor
676 2833 842 2908 praecepti:
869 2832 944 2906 „Sed
967 2834 998 2890 in
1021 2835 1162 2904 orationis
1182 2852 1302 2893 numero

180 2932 258 2990 nihil
281 2936 323 2992 est
345 2937 403 2992 tam
426 2935 572 3006 vitiosum,
599 2951 686 3008 quam
711 2935 736 2992 si
758 2951 873 3010 semper
896 2938 948 3006 est,
975 2935 1105 3012 idem“4)
1132 2937 1196 2993 vel:
1227 2936 1303 3010 „Sed

266 3100 287 3167 ¹)
304 3098 381 3154 Vliet
403 3115 508 3154 summa
530 3098 643 3152 licentia
665 3098 809 3153 lectionem
827 3099 957 3154 traditam
976 3099 1164 3168 „summissus“
1183 3101 1304 3157 mutavit

179 3183 209 3237 in
228 3187 431 3254 „summersus“,
451 3200 520 3252 quae
538 3183 692 3238 coniectura
709 3185 790 3253 plane
813 3200 893 3238 sensu
912 3189 986 3238 curet
1008 3183 1040 3242 ci,
1059 3185 1231 3256 Petschenig,
1256 3187 1302 3254 qui

179 3269 209 3322 in
231 3269 342 3338 Ephem.
361 3267 453 3337 philol.
481 3271 548 3326 1897
574 3287 599 3338 p.
617 3271 669 3326 968
683 3269 710 3323 ff.
735 3269 862 3324 editionis
879 3269 1035 3325 Vlietianae
1053 3269 1163 3324 criticus
1182 3271 1302 3326 exstitit:

179 3355 241 3422 ,19
263 3354 333 3408 wird
358 3357 551 3422 „summersus“
570 3355 615 3408 iiir
633 3355 821 3424 „summissus“
840 3355 1024 3424 geschrieben,
1051 3355 1103 3410 wie
1129 3373 1191 3410 vom
1218 3373 1301 3426 caupo

178 3439 277 3509 witaig
294 3444 393 3510 gesagt
410 3440 487 3494 vird.
522 3441 594 3494 Aber
611 3441 686 3495 kann
703 3442 774 3494 denu
792 3441 839 3495 der
850 3441 951 3495 Frosch
970 3441 1014 3509 „in
1031 3441 1106 3496 faece
1122 3445 1300 3497 summersus“

178 3524 248 3578 auch
266 3525 408 3592 queken‘?“
443 3526 517 3580 Haec
534 3525 679 3582 sufficiant.

264 3611 287 3678 ⁹)
304 3609 389 3678 Riese,
408 3611 458 3664 Rh.
477 3611 502 3664 d.
521 3615 571 3664 att.
590 3611 623 3665 Κ.
642 3629 667 3679 p.
680 3613 721 3666 43.
747 3611 814 3679 „Die
831 3611 1066 3682 gebriiuchliehste
1077 3612 1158 3666 Form
1176 3613 1222 3667 des
1234 3613 1301 3667 Ent-

177 3695 320 3763 spreehens
346 3695 385 3750 ist
412 3695 498 3764 diese,
528 3696 588 3750 dass
617 3697 664 3750 das
693 3697 912 3764 Entsprechende
941 3697 970 3750 in
998 3697 1220 3752 unmittelbarem
1246 3700 1301 3752 An-

178 3780 280 3834 schluls
297 3781 396 3836 steht.“

264 3868 286 3935 8)
309 3868 350 3921 De
367 3867 417 3921 hoc
441 3866 520 3936 gravi
543 3866 620 3937 vitio,
644 3861 782 3938 ἔμμετρον
799 3868 944 3937 appellato,
968 3884 1049 3936 supra
1064 3867 1241 3937 'disputatum
1259 3873 1301 3924 est

102 3981 104 3987 ,
178 3953 233 4018 p.6
251 3951 283 4006 of.
302 3947 380 4006 Arist
397 3953 477 4006 Rhet.
490 3953 532 4006 Ill
543 3955 567 4010 8.
604 3953 673 4008 Sane
690 3953 789 4007 mirum
813 3957 855 4008 est
873 3970 953 4022 quam
978 3969 1057 4022 saepe
1074 3953 1214 4024 Apuleius,
1238 3954 1300 4008 sim-

177 4035 244 4106 plici
261 4039 444 4092 clausularum
462 4039 587 4106 rhythmo
609 4055 663 4093 nou
681 4044 832 4110 contentus,
857 4044 956 4110 terroe,
981 4044 1126 4108 quaternos
1147 4041 1192 4095 vel
1209 4040 1300 4110 plures

178 4138 255 4192 pares
283 4123 374 4178 exitus
400 4123 525 4192 deinceps
548 4123 720 4179 subiunxerit
744 4123 842 4192 quibus
866 4141 993 4180 numerus
1018 4141 1096 4193 quem
1120 4141 1199 4180 aures
1222 4127 1299 4181 ruodo

177 4208 352 4278 accepissent,
370 4215 555 4265 renovaretur.

235 4381 238 4384 Ι
264 4298 285 4366 ⁴)
303 4296 346 4352 Or.
366 4295 452 4366 §213
