3218 4918
769 297 980 356 ..24-

315 472 419 532 sedam
441 473 471 528 et
494 471 572 528 certe
595 470 709 528 laetitia
732 470 855 528 delibuti
869 487 973 545 meque
989 473 1190 545 respectantes
1206 472 1304 530 cuncti
1319 472 1434 532 theatro

314 575 495 648 soceaauat.“

401 678 452 734 vel
473 676 579 734 V1119
606 676 783 752 (orationem
806 675 961 752 Charites),
987 677 1075 750 „boni
1098 695 1168 754 ergo
1192 681 1221 736 et
1244 681 1347 752 qrtima'
1368 697 1435 738 cora-

316 780 407 849 aaa,
441 779 466 838 si
495 779 591 837 luctui
619 779 752 854 legitimo
782 779 960 838 miserrimae
988 781 1118 853 farinae
1146 783 1342 840 necessarium
1365 801 1435 841 con-

317 883 437 942 cesseris
461 886 579 954 capos,
601 880 700 957 quoad
722 881 847 940 residuis
869 882 1017 940 mensibus
1040 884 1166 958 spatium
1189 885 1336 960 reliquum
1357 903 1435 944 com-

316 987 439 1062 pleatur
467 985 551 1053 moni,
583 1001 659 1059 quae
687 1001 735 1042 res
764 1002 829 1043 cum
857 1002 953 1043 marm
974 986 1131 1058 pudorem,
1159 991 1221 1044 tum
1244 988 1332 1046 ctiam
1354 993 1436 1046 tuum

317 1089 447 1146 salutare
470 1086 651 1146 commodatae
672 1089 797 1160 respicit,
819 1105 857 1145 ne
879 1087 956 1146 forte
979 1083 1186 1148 immaturitate
1207 1091 1376 1166 nuptiarum
1391 1092 1435 1148 in-

318 1190 488 1267 dignatione
516 1191 597 1248 iusto
625 1205 725 1248 manes
756 1191 876 1249 acerbos
901 1193 1005 1248 mariti
1033 1190 1071 1249 ad
1098 1193 1218 1251 exitium
1241 1195 1345 1252 salutis
1367 1199 1436 1252 tuae

318 1293 517 1354 auscitanus.“

404 1412 486 1484 Quae
518 1429 583 1471 cum
613 1411 654 1470 ita
683 1413 754 1484 sint,
784 1429 854 1470 sane
885 1412 1104 1471 concedendum
1134 1418 1179 1472 est
1199 1415 1361 1491 Apuleium
1383 1435 1437 1493 per

318 1515 594 1593 Metamorphoseon
616 1515 708 1573 libros
730 1515 800 1572 illas
823 1515 973 1573 clausulas
999 1516 1229 1590 ,rhythmicas“,
1251 1522 1284 1576 ut
1306 1537 1356 1578 eas
1371 1537 1437 1578 cum

318 1619 459 1680 Nordeno
482 1620 613 1695 appello,
636 1617 766 1677 studiose
790 1619 930 1690 coluisse;
953 1621 1104 1677 tamenin
1127 1621 1241 1679 aliare
1264 1639 1338 1680 cum
1360 1625 1436 1683 viro

319 1723 423 1783 docto
453 1722 573 1780 facere
600 1738 750 1796 nequeo,
781 1720 873 1796 quod
896 1721 1105 1796 scriptorem
1128 1741 1191 1798 per
1212 1725 1437 1784 Floridorum

318 1826 433 1884 libros
462 1825 550 1883 illos
580 1825 696 1882 exitus
726 1841 850 1882 severe
879 1841 1055 1898 servasse,
1085 1830 1210 1884 eontra
1238 1845 1300 1903 per
1329 1829 1437 1887 Meta-

319 1927 555 2003 morphoseou
583 1926 698 1985 libros
728 1928 763 1984 in
792 1927 836 1984 iis
866 1929 1000 1984 tantum
1030 1929 1121 1986 locis
1148 1928 1356 1989 adhibuisse
1379 1933 1439 2006 qni

320 2031 504 2090 sublimem
527 2030 707 2088 materiam
734 2033 1047 2104 argumentumque
1074 2032 1247 2090 sollemne
1269 2037 1438 2106 tractent,

320 2134 468 2210 expressis
489 2132 588 2191 verbis
611 2131 809 2190 contendit:
846 2132 918 2204 ,Bei
944 2132 1091 2207 Apuleius
1119 2133 1200 2191 kann
1226 2153 1294 2192 man
1324 2135 1438 2194 hdbsch

320 2235 513 2308 beobaehten,
536 2235 602 2293 dals
625 2251 657 2292 er
674 2234 731 2293 deu
753 2233 956 2311 Rhythmus1)
976 2235 1007 2292 in
1029 2236 1204 2311 gehobenen
1218 2237 1355 2296 Partieen
1370 2237 1439 2296 sehr

321 2339 479 2416 sorgiitltig
501 2336 686 2410 beobaehtet,
709 2337 739 2395 in
761 2336 885 2396 niedern
908 2336 959 2394 ihn
982 2338 1283 2416 vernachlitssigt,“‘²)
1304 2341 1351 2398 cui
1374 2358 1439 2399 sen·

321 2443 432 2501 tentiae
453 2440 697 2500 demonstrandae
721 2439 779 2499 duo
803 2441 938 2516 exempla
958 2440 1074 2513 adiecit,
1096 2459 1200 2517 preces
1215 2443 1347 2516 Psyches
1358 2445 1400 2501 Vl
1412 2445 1440 2516 4,

322 2545 427 2620 quibus
461 2544 573 2602 numeri
601 2545 687 2619 larga
716 2543 816 2618 eopia,
849 2547 878 2600 et
908 2544 1060 2620 vulgarem
1093 2561 1254 2604 sermonem
1286 2547 1441 2622 quendam,

321 2649 400 2720 122,
424 2665 481 2722 quo
504 2647 605 2722 inopia
627 2646 740 2703 numeri
764 2646 998 2720 comprobentur.

406 2749 544 2808 Profecto
559 2748 619 2807 loci
635 2749 793 2806 sollemnes
806 2765 979 2823 gravesque,
991 2749 1084 2807 veluti
1095 2768 1208 2826 preces,
1220 2751 1441 2829 descriptiones,

321 2844 525 2934 (ἐκφράσεις)
545 2869 599 2927 per
621 2868 652 2910 se
675 2851 774 2909 idonei
790 2854 857 2910 sunt
873 2852 923 2926 qui
938 2853 1023 2928 largo
1039 2871 1094 2912 usu
1108 2855 1228 2913 illarum
1244 2857 1441 2915 clausularum

323 2957 478 3028 emineant,
486 2953 612 3028 ideoque
620 2971 764 3030 persaepe
775 2971 960 3013 numerosam
973 2957 1214 3033 compositionem
1222 2957 1329 3030 ferunt,
1343 2962 1441 3016 tamen

323 3059 506 3118 variabilitas
518 3060 606 3134 atque
616 3057 786 3116 inconstans
801 3059 950 3133 mixtaque
967 3059 1115 3117 scribendi
1130 3060 1205 3118 ratio
1217 3059 1328 3134 Apulei
1340 3061 1390 3118 vel
1405 3077 1442 3118 ex

323 3163 417 3222 libero
437 3161 655 3236 libidinosoque
674 3178 728 3219 usu
748 3162 947 3220 clausularum
968 3167 1192 3236 cognoscuntur.
1226 3163 1330 3237 Itaque
1350 3162 1442 3221 haud

324 3265 484 3324 difficile
511 3267 565 3323 est
588 3264 801 3322 sententiam
823 3263 1075 3322 Nordenianae
1097 3265 1205 3340 plane
1228 3266 1442 3324 contrariam

324 3367 496 3443 exemplis
510 3366 765 3437 demonstrare,
780 3365 936 3426 dummodo
949 3367 1073 3425 alterum
1085 3368 1183 3426 locum
1193 3367 1230 3425 ab
1243 3385 1278 3426 oo
1290 3368 1444 3446 citatum3)

324 3473 436 3530 tantum
459 3469 553 3528 obiter
576 3469 807 3544 contemplemur
830 3487 916 3545 quem
935 3469 1053 3545 quidem
1068 3469 1148 3528 haud
1164 3471 1301 3528 sollerter
1316 3472 1443 3549 elegisse

323 3573 440 3632 videtur
472 3573 518 3630 vir
551 3571 663 3631 doctus.
717 3572 836 3630 Minime
853 3589 937 3630 -vero
967 3573 998 3630 in
1028 3571 1130 3630 eodem
1163 3590 1296 3633 sermone
1326 3575 1444 3650 vulgari

324 3675 526 3735 Madaurensis
546 3674 609 3732 illis
625 3675 767 3733 clausulis
783 3673 956 3748 rhythmicis
972 3673 1149 3734 adhibendis
1164 3675 1318 3748 abstinuit;
1342 3680 1445 3735 contra

325 3782 441 3840 exstant
464 3777 602 3855 copiosae
623 3777 720 3836 statim
735 3778 766 3835 in
782 3777 888 3850 verbis,
912 3793 987 3854 quae
1004 3778 1101 3837 citatis
1117 3779 1302 3838 antecedunt.
1342 3779 1445 3853 „Heus

410 4033 431 4101 ¹)
449 4031 561 4088 Norden
578 4034 682 4086 tantum
695 4030 730 4085 de
743 4045 776 4084 eo
789 4044 902 4084 numero
921 4031 1026 4099 cogitat
1038 4031 1085 4101 qui
1099 4031 1237 4101 frequenti
1247 4031 1353 4086 illarum
1364 4030 1444 4084 trium

325 4117 505 4173 clausularum
521 4133 572 4172 usu
590 4147 741 4184 -υ-ω,
760 4147 979 4194 -υ--ψῳ,
997 4147 1172 4173 -υ--ω
1195 4121 1309 4172 constat.

411 4200 648 4270 thpm.

410 4289 433 4356 ³)
452 4288 515 4343 hiet.
528 4287 591 4344 122.
