3218 4918
752 1266 928 1349 Vite.

365 1603 460 1661 Natus
493 1620 556 1662 sum
585 1603 744 1679 Adolphus
775 1603 898 1663 Carolus
927 1605 1068 1664 Ernestns
1098 1603 1228 1665 Schober
1258 1605 1344 1665 Halis
1373 1627 1401 1666 a.

282 1704 365 1764 1874
387 1704 435 1763 die
460 1707 495 1763 il
514 1724 549 1764 m.
565 1706 635 1764 Maii
658 1709 742 1783 patre
765 1707 889 1766 Ernesto
913 1725 998 1783 quem
1022 1727 1047 1766 a.
1066 1709 1146 1767 1888
1169 1708 1329 1767 acerbitate
1344 1709 1401 1767 tati

279 1806 350 1864 mihi
382 1813 570 1884 praereptum
603 1808 691 1867 valde
723 1801 827 1883 doleo,
860 1812 951 1868 matre
980 1810 1117 1886 Angusta
1150 1827 1166 1868 e
1196 1813 1284 1887 gente
1318 1811 1401 1870 Kind

278 1909 376 1969 adhuc
399 1911 564 1987 superstite.
607 1910 693 1970 Fidei
715 1911 850 1972 addictus
873 1930 936 1972 snm
959 1913 1158 1989 evangelicae.

363 2014 522 2089 Postquam
544 2013 712 2090 primordiis
731 2015 895 2073 litterarum
917 2019 946 2074 et
961 2015 1047 2075 Halis
1063 2019 1092 2074 et
1106 2015 1234 2092 Lipsiae,
1258 2034 1398 2092 quocum

277 2117 449 2192 parentibus
482 2133 556 2204 puer
589 2117 808 2193 transmigravi,
841 2119 1000 2177 instructus
1034 2136 1105 2191 sum,
1138 2118 1175 2176 ab
1209 2137 1286 2177 anno
1317 2121 1400 2178 1884

277 2220 462 2296 gymnasium
485 2219 598 2295 regium
614 2219 768 2297 Lipsiense
790 2220 858 2294 adii,
882 2221 964 2279 cuius
986 2224 1048 2304 tum
1069 2223 1175 2294 rector,
1197 2221 1260 2280 Ric.
1276 2221 1400 2281 Richter

276 2321 308 2399 (†
328 2322 422 2401 1901)
459 2341 519 2382 non
552 2327 611 2381 tam
645 2324 782 2400 egregius
818 2323 991 2400 philologus
1028 2341 1115 2399 quam
1143 2325 1399 2400 praeclarissimus

176 2455 178 2460 ,
277 2425 477 2502 paedagogus,
500 2425 536 2484 de
559 2443 604 2484 me
627 2427 736 2502 optime
759 2427 879 2486 meritus
902 2426 1029 2486 studium
1049 2427 1233 2502 antiquitatis
1249 2427 1398 2486 excitavit.

278 2528 455 2588 Maturitatis
485 2529 682 2588 testimonium
712 2529 836 2605 adeptus
863 2531 894 2587 in
920 2547 1072 2588 nnmerum
1099 2530 1205 2588 civium
1228 2530 1399 2590 academiae

276 2629 440 2706 Lipsiensis
462 2630 649 2689 referendum
665 2649 710 2690 me
727 2632 827 2690 curavi
842 2631 941 2708 ibique
958 2631 1062 2691 studiis
1077 2632 1218 2708 imprimis
1233 2631 1398 2709 philologis

277 2736 306 2791 et
328 2733 562 2810 archaeologicis
591 2734 719 2793 incubui.
756 2735 855 2810 Atque
887 2733 1012 2794 docuere
1043 2752 1088 2792 me
1116 2735 1172 2792 viri
1202 2713 1398 2794 illustrissimi

278 2839 366 2912 atque
389 2837 606 2896 humanissimi:
1270 2843 1271 2848 ’

360 2939 464 3012 Barth,
493 2939 702 3013 Biedermann,
736 2940 917 3016 Bragmann,
949 2939 1113 3012 (tichonius,
1143 2939 1259 3013 Fricke,
1289 2938 1397 2999 Gardt·

275 3040 396 3116 hausen,
418 3042 591 3116 Hartmann,
618 3041 777 3116 Hotmann,
804 3043 889 3116 Holz,
912 3041 1058 3116 Immiseh,
1086 3042 1301 3116 Kretuschmar‚
1323 3042 1396 3119 Lip-

275 3145 347 3219 sius,
378 3143 547 3219 0verbeck,
576 3147 664 3218 Paul,
694 3144 842 3218 Ribbeck,
872 3144 1001 3219 Richter,
1032 3145 1202 3220 Schneider,
1231 3145 1397 3219 Schreiber,

273 3247 429 3325 Settegast,
460 3248 589 3322 Sievers,
622 3243 804 3324 Striimpeil,
821 3248 1012 3322 Stndnicnka,
1035 3249 1171 3322 Volkelt,
1193 3229 1396 3322 Wachsmuth,

274 3350 398 3425 Wenck,
420 3352 522 3425 Wolff,
544 3351 664 3424 Wundt,
687 3350 828 3410 Zarncke.

358 3472 413 3530 Fui
437 3471 574 3531 sodalis
598 3471 818 3531 ordinarius:

315 3593 569 3668 proseminarii
602 3592 784 3668 philologi
818 3592 987 3650 moderante
1017 3591 1154 3650 Immisch
1183 3609 1237 3667 per
1266 3591 1311 3650 bis
1341 3609 1396 3650 sex

374 3713 505 3766 menses;
616 3693 617 3696 ’

314 3799 500 3857 seminarii
521 3797 705 3874 philologi
727 3797 824 3857 modd.
843 3798 962 3874 Lipsius
978 3796 1112 3856 Ribbeck
1127 3795 1320 3856 Wachsmuth
1339 3814 1396 3872 per

373 3906 419 3960 ter
441 3919 493 3960 sex
515 3919 643 3972 menses;

314 4005 497 4062 seminarii
517 4005 789 4080 arohaeologici
809 4003 884 4063 mod.
901 4002 1056 4063 Ouerbeck
1072 4003 1185 4080 perbis
1201 4020 1253 4061 sex
1268 4019 1395 4076 menses,

373 4107 449 4165 mod.
472 4106 652 4165 Studniozka
673 4125 726 4183 per
748 4110 888 4166 semestre
910 4107 1051 4182 spatinm3

314 4211 501 4268 seminarii
527 4210 695 4268 historici
725 4209 799 4268 mod.
823 4208 1016 4268 Wachsmuth
1042 4226 1095 4284 per
1118 4211 1163 4266 ter
1190 4225 1241 4266 sen
1268 4225 1395 4282 menses,

375 4313 452 4371 mod.
475 4313 629 4372 (tichonius
652 4312 772 4389 perbis
796 4331 847 4372 sex
870 4331 999 4386 menses;
