3218 4918
637 261 850 320 -55-

267 432 295 490 X
310 433 346 489 ll
376 432 450 490 Tou
476 433 624 491 medicos:
647 429 651 514 Ι
677 433 766 507 „Nost
781 438 907 508 potions*
937 437 1035 511 inquit
1062 435 1217 510 „hercules
1244 457 1304 496 con

173 537 311 611 potuer

267 654 296 712 X
310 653 348 712 15
369 655 515 713 aeonion
535 657 579 712 sic
600 655 727 727 cffobcr:
749 652 754 736 Ι
781 701 807 731 ,.
821 703 852 714 ..
874 657 993 715 tandem
1013 657 1093 716 Leuci
1113 661 1244 717 ccaistlf‘

267 773 339 831 Post
366 772 424 830 boc
452 773 630 848 florilegium
662 773 742 848 quod
774 774 812 832 cb
842 779 954 833 certum
983 791 1077 851 genus
1103 776 1304 836 clausularum

182 893 404 935 numerosarum
436 875 695 934 demonstrandum
727 877 852 950 inserui,
884 877 1039 937 redeamus
1068 895 1104 937 co
1133 879 1184 938 ubi
1213 899 1243 956 p.
1262 881 1301 939 51

182 979 375 1050 substitimus,
396 979 428 1035 in
449 981 644 1054 percensentc
666 979 764 1054 capite
786 980 892 1038 altero.

268 1099 314 1156 12
344 1099 454 1170 „Immo
481 1101 571 1157 vero“
603 1100 724 1174 inquam
755 1101 921 1176 „impertite
947 1117 1080 1159 sermone
1103 1118 1163 1159 non
1185 1101 1304 1177 quidem

184 1203 339 1273 curiosum,
370 1200 423 1259 scd
456 1202 508 1276 qui
540 1202 630 1259 velim
660 1202 735 1260 scire
764 1203 815 1260 vel
842 1207 948 1261 cuncta
976 1204 1026 1261 vel
1055 1207 1134 1261 certe
1160 1205 1304 1280 plurima:

183 1305 272 1364 simul
307 1305 371 1379 iugi
406 1303 486 1379 quod
523 1304 701 1380 insurgimus
741 1304 953 1381 aspritudinem
994 1305 1162 1364 fabularum
1203 1307 1305 1384 lepida

183 1406 352 1465 incunditas
372 1406 546 1482 levigabit.“

268 1511 305 1566 In
336 1508 384 1567 bis
414 1509 519 1584 paucis
552 1508 652 1568 verbis
684 1510 757 1568 satis
785 1511 879 1568 mulla
912 1510 950 1569 ob
977 1527 1129 1569 numerum
1160 1511 1305 1570 notabilia

184 1615 316 1671 emant:

336 1714 481 1787 impertite
501 1708 660 1793 sannone]
854 1731 879 1772 c.

337 1816 451 1874 ...scd
471 1817 523 1887 qui
544 1816 629 1872 celim
650 1817 725 1874 scire
747 1811 752 1895 Ι
854 1833 879 1874 c.
926 1843 1136 1868 --υ--ω

338 1919 383 1976 rel
404 1923 510 1976 cuncto
531 1918 577 1975 sel
598 1923 673 1976 certe
694 1918 830 1994 plurima
851 1919 870 1976 i.

270 2058 411 2115 Praetera
440 2056 576 2114 clausula
605 2059 634 2114 ct
655 2056 771 2113 initium
797 2054 852 2114 has
874 2073 962 2131 pares
990 2055 1124 2130 syllabas
1146 2057 1305 2134 praebent:

183 2161 331 2237 impertite
350 2176 482 2218 semsosw
505 2153 509 2238 Ι
533 2176 594 2215 noc
615 2158 732 2230 quidem
753 2161 907 2216 cctriosum.

270 2261 406 2337 Denique
427 2261 493 2337 pari
514 2277 636 2318 numero
657 2259 689 2318 bi
712 2261 807 2318 exitus
827 2261 955 2336 praediti
977 2265 1057 2319 sunt:

338 2415 471 2458 sermone
494 2416 554 2455 scon
576 2397 692 2470 quidem
714 2399 860 2456 curiosum
883 2391 913 2560 ΙΙ
948 2475 1146 2500 ------

413 2499 516 2578 lepida
537 2500 707 2559 iucunditas
730 2501 875 2573 tcviqabtt

186 2661 232 2718 Dc
263 2658 374 2734 insigni
408 2657 544 2732 exemplo
576 2671 733 2714 numeroso
766 2654 847 2730 quod
878 2655 909 2712 in
943 2655 1040 2731 capito
1072 2655 1159 2715 tertio
1189 2657 1307 2732 legitur,

187 2761 289 2820 confer
310 2778 378 2837 pag.
394 2759 444 2816 44.

272 2881 322 2939 14
351 2880 389 2936 Et
420 2895 490 2936 ecce
518 2895 596 2953 pone
626 2878 749 2935 lanceae
771 2876 914 2954 ferruml)
936 2895 995 2952 qua
1016 2877 1175 2936 baccillum
1197 2877 1307 2936 inversi

186 2985 240 3043 teli
263 2982 302 3042 ad
323 2981 493 3058 occipitium
515 2997 570 3056 per
592 2979 755 3054 ingluviem
769 2979 856 3051 subit,
878 2997 952 3056 puer
967 2981 998 3037 in
1013 2981 1167 3039 mollitiem
1184 2979 1307 3038 decorus

186 3087 313 3162 insurgit
334 3086 424 3160 inque
447 3083 571 3142 flexibus
593 3082 732 3141 tortuosis
755 3099 893 3140 enervam
916 3087 945 3140 et
967 3099 1101 3141 exossam
1121 3083 1307 3141 saltationem

187 3191 319 3266 explicat
341 3205 406 3245 cum
428 3187 557 3245 omnium
580 3186 630 3261 qui
653 3183 808 3243 aderamus
830 3184 1032 3244 admiratione.

271 3292 332 3349 Ter
360 3307 447 3367 pares
476 3289 604 3361 numeri,
633 3287 679 3346 bis
706 3289 737 3345 in
760 3288 915 3362 clausulis,
945 3289 1037 3346 semel
1059 3288 1089 3346 in
1112 3288 1196 3347 initio
1219 3305 1307 3346 mem·

187 3393 305 3454 brorum
328 3394 556 3468 cognoscuntur:
580 3408 653 3448 c=
668 3407 685 3449 c
699 3415 741 3440 =
755 3391 774 3448 i.

340 3534 370 3588 ct
392 3547 461 3588 cccc
477 3547 557 3604 poce
581 3529 700 3586 lanceae
720 3528 833 3602 sertum
856 3523 860 3607 Ι

340 3677 393 3691 ...
415 3632 447 3690 in
469 3632 623 3690 mollitiem
644 3631 765 3689 decorus
787 3632 915 3706 insurgit
937 3625 941 3711 Ι
1001 3656 1197 3681 ------
1209 3655 1243 3680 ω

339 3737 428 3809 inque
447 3736 568 3807 {lembus
592 3733 802 3793 tortuosis

275 4245 297 4310 ¹)
315 4241 425 4298 Initium
442 4256 538 4298 versus
555 4240 672 4297 iambici.
