3218 4918
721 343 912 400 -7..

256 514 391 572 nimirum
414 514 445 571 in
467 515 567 572 multis
590 516 722 572 veterum
744 513 862 589 scriptis
884 513 1016 589 integros
1035 523 1138 571 versus
1153 514 1246 572 latere
1263 514 1378 587 scimus,

257 617 350 674 veluti
372 616 469 675 Taciti
493 617 627 674 Annales
658 616 695 674 ab
726 615 895 674 hexametro
923 615 1054 690 incipere
1077 615 1148 674 satis
1170 619 1270 675 notum
1294 616 1379 694 est.¹)

343 717 420 789 Quid
458 721 555 777 autem
593 718 629 777 de
663 718 776 794 Apulei
808 717 1094 794 Metamorphosibus
1127 717 1243 776 dicam?
1300 719 1378 777 Num

256 821 338 896 operi
368 821 431 878 eius
465 838 537 897 „per
565 820 821 896 imprudentiam“,
855 822 887 877 ut
916 819 1014 878 verbis
1046 818 1195 878 Ciceronis
1225 823 1302 894 utar,
1335 823 1379 880 tot

255 923 372 999 poetica
395 926 467 998 quot
489 922 568 980 infra
591 923 709 999 copiose
733 922 918 998 expositurus
941 937 1013 994 sum,
1035 921 1121 980 illabi
1140 925 1312 998 potuerunt:
1334 926 1379 982 tot

255 1027 348 1098 initia,
371 1028 415 1084 tot
438 1027 599 1098 clausulae,
622 1028 666 1084 tot
688 1026 766 1083 aliae
782 1025 923 1084 orationis
938 1028 1038 1101 partes
1052 1024 1187 1083 versibus
1203 1025 1378 1099 simillimae,

256 1131 300 1187 tot
322 1144 425 1187 versus
447 1127 574 1203 integri?

341 1231 428 1288 Num
465 1230 605 1289 omnino
642 1230 700 1289 hic
736 1229 893 1305 scriptor
926 1230 1037 1288 solum
1071 1229 1262 1288 secundum
1295 1233 1378 1289 nota

256 1337 449 1409 praecepta
480 1336 660 1391 oratorum
681 1331 949 1407 rhetorumque,
978 1331 1172 1407 praecipue
1196 1330 1378 1391 Ciceronis

257 1439 290 1493 et
319 1433 552 1507 Quintiliani,
582 1433 797 1493 iudicandus
828 1433 899 1493 est?
942 1433 991 1491 An
1022 1451 1092 1492 vero
1123 1434 1160 1492 ob
1190 1434 1379 1510 praecipuam

256 1538 339 1595 illam
369 1539 466 1614 legem
496 1555 639 1614 persaepe
669 1537 836 1612 neglectam
867 1537 903 1594 iis
934 1535 1126 1611 scriptoribus
1153 1553 1218 1594 eum
1245 1553 1304 1594 non
1327 1537 1378 1595 ad-

256 1639 443 1699 scribendum
481 1657 545 1699 esse
581 1639 699 1716 putabis
732 1639 782 1714 qui
817 1639 1022 1714 compositioni
1055 1655 1228 1697 numerosae
1259 1656 1379 1715 operam

256 1741 423 1799 dederunt?

343 1841 425 1912 Quae
455 1859 503 1901 res
533 1843 642 1902 clarior
670 1841 733 1914 fiet,
765 1840 919 1900 dummodo
949 1841 1055 1900 iterum
1085 1857 1120 1899 ea
1149 1842 1180 1898 in
1210 1843 1378 1901 memoriam

256 1961 427 2004 revocemus
458 1962 534 2019 quae
564 1959 653 2021 supra
683 1963 711 2020 p.
736 1946 754 2002 2
784 1944 903 2016 notavi,
933 1943 1094 2020 Apuleium
1124 1944 1380 2020 neosophistarum

257 2048 401 2106 rationem
424 2051 575 2123 artemque
592 2047 740 2106 scribendi
756 2049 887 2105 secutum
903 2062 1073 2122 summoque
1089 2045 1185 2104 studio
1202 2047 1379 2105 aemulatum

256 2167 321 2208 esse
350 2153 440 2225 atque
472 2167 534 2208 eam
566 2167 653 2224 quam
682 2149 902 2206 accuratissime
931 2147 1182 2222 minutissimeque
1208 2149 1379 2224 inscriptis

257 2251 427 2310 ostendisse.
472 2251 574 2310 Unde
595 2269 664 2310 non
687 2251 891 2308 mirabimur
910 2249 1172 2308 Madaurensem
1194 2251 1379 2308 mixturam

257 2355 459 2429 elegantem
490 2353 666 2412 sermonis
696 2356 729 2410 et
758 2352 939 2427 pedestris
969 2355 1003 2410 et
1031 2352 1166 2427 poetici
1194 2369 1378 2428 composu-

256 2457 343 2528 isse,
374 2472 438 2512 cum
467 2455 622 2512 occasione
645 2453 745 2512 oblata
767 2487 809 2496 —
831 2471 1049 2528 nonnumquam
1070 2472 1108 2512 ne
1130 2453 1231 2514 oblata
1253 2454 1379 2530 quidem,

258 2560 290 2614 nt
318 2555 547 2614 videbimus-
570 2556 702 2614 oratione
724 2556 831 2632 partim
853 2556 983 2630 poetica,
1012 2556 1119 2632 partim
1141 2557 1231 2632 plane
1253 2558 1379 2633 vulgari,

259 2659 366 2734 partim
388 2658 480 2716 mixte
503 2661 642 2730 uteretur,
665 2675 752 2733 quam
775 2658 927 2734 scriptoris
941 2661 1076 2716 naturam
1091 2658 1124 2716 L.
1135 2657 1381 2736 Friedlaenderl)

257 2761 413 2836 insigniter
451 2761 493 2820 sic
531 2759 705 2818 delineavit:
746 2759 897 2834 „Freilich
933 2759 984 2818 hat
1018 2777 1049 2819 es
1082 2761 1230 2836 Apuleius
1263 2761 1294 2818 in
1326 2779 1379 2818 un-

257 2861 479 2939 gewdhnlicher
491 2863 590 2920 Weise
602 2863 788 2935 verstanden,
801 2862 848 2920 die
861 2863 1068 2938 Doppelnatur
1080 2862 1131 2920 des
1142 2864 1380 2938 poetisierenden

256 2965 392 3038 Rhetors,
416 2964 471 3023 des
492 2964 522 3022 in
545 2963 637 3023 Prosa
660 2964 881 3024 darstellenden
904 2964 1041 3024 Dichters
1063 2964 1288 3024 festzuhalten.“

281 3063 285 3069 ’
342 3067 474 3138 Quocum
506 3068 642 3127 conteras
669 3068 760 3126 velim
791 3085 866 3144 quae
897 3069 955 3126 iam
978 3068 1008 3128 d.
1025 3068 1195 3145 Cavallin3)
1221 3068 1258 3127 de
1281 3068 1379 3144 sophi-

256 3175 366 3230 starum
390 3171 506 3229 ratione
529 3170 680 3243 disseruit,
711 3188 775 3229 oum
798 3170 1075 3247 Metamorphoseon
1097 3175 1245 3230 auctorem
1269 3170 1379 3230 studio·

257 3275 402 3332 sissimum
426 3274 489 3332 eius
511 3275 723 3333 aemulatorem
745 3275 926 3350 appellaret:
960 3275 1049 3347 „Erat
1071 3274 1162 3349 igitur
1183 3273 1258 3332 haec
1280 3273 1379 3349 sophi-

256 3380 366 3434 starum
381 3377 456 3435 ratio
473 3376 550 3434 inter
565 3377 678 3452 poesim
699 3379 729 3434 et
743 3393 861 3452 prosam
878 3377 1078 3452 eloquentiam
1094 3377 1178 3450 quasi
1194 3377 1375 3434 interiecta.“

258 3477 427 3554 Tantopere
450 3479 527 3537 enim
549 3478 707 3554 sophistae,
729 3479 760 3536 in
776 3496 900 3553 quorum
916 3478 1042 3538 officinis
1057 3479 1204 3555 Apuleius
1219 3479 1379 3537 instructus

258 3582 314 3651 est,
345 3581 506 3638 orationem
536 3581 703 3657 pedestrem
725 3585 877 3656 poetarum
900 3581 1099 3640 locutionibus
1122 3581 1316 3653 exornabant,
1347 3584 1379 3638 ut

257 3697 311 3739 nos
343 3699 441 3740 eorum
470 3683 627 3743 dictionem
650 3685 753 3743 merito
780 3701 941 3766 „prosam
963 3685 1163 3762 poeticam“
1189 3684 1379 3756 nominemus,

258 3785 340 3843 cuius
362 3786 406 3843 rei
428 3785 504 3844 liber
525 3787 608 3846 Flori
630 3786 727 3845 adhue
750 3788 833 3846 testis
857 3791 908 3846 est.

345 3969 366 4036 ¹)
394 3968 511 4035 „Urbem
538 3969 652 4023 Romam
679 3985 695 4023 a
720 3970 856 4038 principio
886 3986 966 4039 reges
994 3971 1139 4025 habuere“.
1186 3971 1240 4024 Per
1266 3969 1379 4024 eandem

237 4045 240 4049 ’
257 4053 371 4108 formam
389 4054 525 4122 poeticam
539 4054 686 4121 „habuereu
702 4055 787 4124 prima
798 4055 907 4110 fabulae
919 4057 1042 4126 Psyches
1054 4057 1189 4110 sententia
1200 4055 1379 4111 concluditur.

256 4139 330 4194 unde
349 4139 500 4194 sublimitas
517 4139 680 4208 indolesque
698 4141 808 4209 poetica
825 4142 975 4210 argumenti
992 4141 1150 4195 illustretur.

342 4227 364 4294 ²)
383 4225 664 4294 Sittengerch.1toms
682 4227 731 4296 111,
750 4244 775 4296 p.
790 4231 845 4281 421.

342 4314 365 4380 ³)
383 4311 426 4368 De
444 4312 472 4367 L.
486 4311 614 4384 Apuleio,
632 4312 832 4380 Lundae1857,
851 4329 876 4386 p.
892 4317 931 4369 15.
