3218 4918
765 292 978 351 ,56-

398 466 504 541 Itaque
533 466 583 524 vel
612 483 649 523 ex
671 465 755 524 initio
777 462 1053 539 Metamorphoseon
1074 479 1259 520 numerosam
1281 461 1435 537 scriptoris

316 568 557 644 compositionem
581 567 681 643 aliquo
704 567 790 626 modo
812 566 885 624 licet
906 566 1093 640 intellegere:
1116 581 1213 639 neque
1228 581 1298 622 vero
1313 565 1435 622 nimium

315 675 359 730 est
393 669 570 729 contendere
604 687 667 728 eam
700 669 763 728 iere
797 686 834 727 ex
865 684 1043 743 unoquoque
1077 667 1174 742 capite
1206 667 1276 724 libri
1308 668 1436 725 elucere.

316 771 392 842 Quia
422 775 518 830 autem
547 771 661 847 ingenti
687 787 808 829 numero
832 770 1032 847 exemplorum
1054 768 1211 844 impedior,
1239 785 1277 827 ne
1300 769 1436 846 singulos

314 877 397 934 locos
434 891 508 950 quos
544 873 709 948 rhythmice
744 873 886 932 formatos
920 889 984 931 esse
1016 871 1167 947 perspexi,
1204 871 1325 930 aiteram
1358 888 1436 929 neve

315 977 475 1054 diligenter
504 979 671 1052 perscruter
698 1010 742 1018 -
770 976 896 1052 spatium
927 978 1043 1033 centum
1068 973 1243 1050 paginarum
1269 991 1330 1032 non
1352 973 1435 1032 suffi-

316 1084 395 1139 ceret
417 1113 459 1122 -
480 1081 642 1138 nonnullos
670 1079 845 1154 optimorum
868 1078 989 1153 eligam,
1019 1076 1070 1135 ubi
1091 1093 1228 1134 numerus
1250 1078 1436 1151 permultas

315 1183 448 1257 syllabas
477 1181 637 1258 perductus
668 1185 719 1240 est.
774 1181 874 1255 Atque
903 1181 933 1238 iu
964 1197 998 1238 ea
1027 1196 1060 1236 re
1090 1178 1221 1237 ordinem
1251 1179 1436 1256 singulorum

306 1287 430 1344 Metam.
452 1285 594 1344 librorum
617 1284 740 1343 servabo
764 1287 793 1342 et
815 1283 919 1341 breves
938 1282 1145 1357 responsiones
1160 1280 1342 1355 rhythmicas
1358 1299 1436 1357 quae

314 1391 427 1446 tantum
458 1391 628 1463 quaternas,
658 1387 775 1462 quinas,
805 1402 891 1444 senas
914 1384 1047 1460 syllabas
1070 1385 1318 1460 complectuntur,
1343 1386 1436 1461 plane

315 1492 454 1551 omittam.

315 1595 363 1652 16
386 1593 428 1652 At
452 1597 483 1651 tu
505 1593 551 1651 bic
574 1593 686 1650 larvale
708 1584 924 1672 simulacrwml
985 1607 999 1753 p
1028 1607 1052 1648 c.

386 1713 451 1754 uam
469 1711 581 1754 summo
597 1693 733 1752 dedecore
747 1697 848 1752 nostro
862 1693 975 1752 viseris.
1027 1694 1045 1751 i.
1083 1666 1117 1706 ‘V
1131 1667 1361 1692 VVVVVVV
1375 1665 1410 1690 Ν

344 1817 362 1873 9
385 1815 443 1872 iam
466 1817 532 1874 octo
555 1831 697 1871 annorum
720 1831 805 1871 oacre
826 1815 943 1872 misella
964 1815 1020 1872 illo
1044 1809 1075 1905 ll
1100 1830 1124 1872 c.

385 1917 466 1975 octat
487 1917 673 1990 elephantum
688 1915 827 1989 paritura
850 1916 1027 1975 distenditur
1062 1906 1072 1976 J
1100 1916 1118 1974 i.

404 2052 442 2110 14
471 2053 609 2128 legimus:
646 2051 854 2126 ,commodum
886 2052 977 2110 limen
1007 2055 1162 2111 evaserant
1192 2047 1196 2134 Ι
1229 2056 1259 2111 et
1287 2053 1367 2112 tores
1396 2052 1437 2110 ad

315 2156 470 2232 pristinum
503 2158 610 2214 statum
642 2154 777 2232 integrae
805 2159 975 2231 resurgunt,
1011 2150 1015 2236 Ι
1050 2153 1185 2214 cardines
1218 2155 1256 2214 ad
1289 2154 1437 2214 foramina

316 2257 492 2335 resident,¹)
521 2257 559 2316 ad
588 2260 689 2334 postes
717 2259 862 2335 repagula
890 2257 1027 2331 redeunt,
1058 2252 1063 2338 Ι
1095 2256 1134 2315 ad
1164 2258 1293 2317 claustra
1321 2259 1437 2335 pessuli

315 2363 496 2421 recurrunt.“

401 2464 496 2522 Haec
526 2463 694 2540 periodus
720 2463 880 2523 binarum
903 2466 1145 2524 clausularum
1167 2463 1437 2540 responsionem

317 2566 495 2642 duplicem
528 2566 685 2624 eontinet
718 2569 808 2641 atque
841 2585 904 2625 eam
937 2571 996 2625 tam
1030 2567 1187 2626 artificiose
1221 2567 1437 2643 complicatam,

315 2669 443 2745 (respice
486 2669 573 2727 etiam
609 2668 784 2744 pareehesin
821 2673 850 2727 et
885 2687 986 2745 parem
1023 2670 1205 2746 singulorum
1241 2669 1436 2728 membrorum

317 2770 505 2848 structuram)
533 2775 566 2828 ut
594 2771 689 2846 prima
719 2788 784 2830 oum
814 2775 931 2848 quarta,
961 2771 1091 2831 secunda
1117 2790 1183 2832 cum
1205 2773 1292 2832 tertia
1314 2772 1437 2832 metrice

317 2872 676 2950 congruata.b.b.a.

413 2993 445 3071 a)
465 3019 695 3043 -------
707 3019 741 3046 ω

413 3094 445 3172 u)
467 3122 732 3147 eeeeeeee
745 3121 779 3147 a,

470 3197 550 3256 fores
573 3197 611 3256 ad
632 3199 790 3274 pristinum
812 3203 923 3258 statura
944 3202 1076 3274 iateprcc
1096 3206 1261 3276 resurposat,
1285 3196 1289 3282 Ι

470 3297 604 3358 cardines
627 3302 668 3359 ad
687 3302 839 3375 foramina
859 3303 995 3372 resideat,
1022 3297 1026 3383 l

470 3401 509 3459 ad
525 3406 627 3475 postes
647 3404 792 3477 repopulc
812 3404 942 3474 sedarat,
966 3400 970 3486 l

470 3503 508 3562 ad
531 3504 663 3564 elaustro
679 3507 796 3580 pessuli
815 3513 976 3567 recubum.

403 3671 424 3738 ¹)
442 3670 576 3725 Numerus
593 3671 663 3726 hanc
679 3671 840 3740 scripturam
857 3672 953 3729 fulcire
966 3673 1074 3729 videtur
1092 3691 1162 3745 quae
1180 3675 1215 3730 ab
1233 3675 1359 3730 omnibus
1376 3674 1435 3729 iere

316 3755 424 3810 Metam.
449 3755 601 3811 editoribus
627 3787 662 3795 -
683 3757 786 3812 Vlietio
813 3763 930 3828 excepto
958 3790 991 3800 —
1017 3767 1129 3830 recepta
1152 3766 1206 3843 estp
1235 3761 1337 3815 scimus
1364 3761 1435 3816 enim

317 3841 432 3896 verbum
459 3841 598 3910 „resideo⁴‘
625 3841 836 3912 intransitivum,
863 3845 887 3898 si
910 3845 961 3900 bac
982 3861 1052 3900 voce
1079 3846 1145 3900 licet
1167 3845 1215 3914 uti,
1233 3855 1374 3914 'persaepe
1401 3861 1435 3900 ex

317 3927 519 3981 transitivorum
545 3941 620 3982 more
646 3926 797 3982 adhibitum
823 3945 884 3985 csse
902 3929 937 3984 cs.
959 3930 1105 3986 Forcellini
1128 3932 1191 3984 Lex.
1235 3929 1296 3993 Quo
1319 3931 1435 4002 accedit,

319 4011 395 4081 quod
413 4011 471 4066 aliis
489 4013 596 4066 Metam.
608 4011 676 4067 locis
688 4012 802 4068 verbum
816 4009 969 4082 ,residerffl
983 4015 1096 4070 eandem
1112 4013 1336 4083 significationem
1353 4017 1436 4072 habet

317 4103 400 4166 atque
424 4096 538 4150 verbum
563 4092 728 4166 „residtrdffi
752 4098 838 4152 veluti
860 4098 899 4152 XI
913 4103 943 4152 13
970 4104 1080 4166 ,venter
1097 4098 1198 4153 obesus
1216 4099 1334 4154 residet“
1354 4117 1435 4172 quem

318 4183 408 4237 locum
426 4182 502 4237 Vliet
524 4183 650 4251 exemplo
674 4184 855 4254 Luetjohanni
879 4182 979 4240 trustra
1002 4184 1146 4240 emendare
1164 4184 1277 4253 studuit,
1301 4186 1336 4240 ef.
1355 4187 1434 4242 etiam

318 4269 457 4323 lX11.33.
477 4267 569 4322 lille.
