3218 4918
758 341 971 402 ..66-

390 514 431 572 32
456 513 617 572 Membrum
632 539 674 564 =
689 515 841 573 clausulae
863 541 1163 564 ---------
1174 541 1209 564 ω

459 616 537 676 Olim
559 618 636 675 duae
655 619 784 676 maiores
804 634 926 686 sorores,
949 612 954 698 Ι

460 737 585 795 querum
609 723 799 793 temperatam
819 721 1056 793 sermoneitatem
1080 714 1085 800 Ι
1129 719 1198 778 nd.
1209 739 1239 796 p.

389 857 508 915 Initium
522 883 565 907 =
579 857 664 916 initio
685 890 746 899 --
762 885 926 906 ----υ
938 883 972 907 ω

458 958 508 1018 Sto
529 961 817 1033 insortrmate'sse'mae
838 958 919 1018 tiliae
940 979 977 1017 m.
992 963 1078 1036 peter
1101 954 1106 1039 Ι

456 1065 631 1136 suspectata
653 1063 825 1124 caelestztms
847 1063 922 1122 odiis
945 1058 951 1144 Ι

390 1201 430 1258 se
456 1200 549 1257 i=r
571 1233 598 1243 -
606 1233 837 1244 -------
849 1227 884 1252 Ν

455 1303 611 1361 Maeretar
629 1293 717 1375 fletae
739 1305 919 1362 lamentatur
939 1302 1043 1362 diebus
1064 1305 1218 1378 plusculis
1242 1299 1247 1384 Ι

457 1404 517 1464 Sed
538 1407 622 1465 dirae
642 1408 730 1465 sortis
751 1408 813 1464 tam
832 1411 939 1479 aequet
961 1410 1053 1464 taeter
1072 1406 1230 1482 effeetus.¹)

390 1560 462 1601 0:
477 1559 494 1601 c
507 1569 784 1593 --υ--υ-Ν

455 1645 504 1704 Sia
526 1644 661 1720 adfectae
683 1646 786 1704 Mmas
810 1647 890 1704 triste
910 1647 1010 1719 satam
1032 1641 1037 1727 Ι

456 1752 562 1807 cuneta
584 1748 675 1807 etiam
697 1750 801 1807 atritas
823 1749 1016 1822 eoaqernebat.

390 1884 430 1944 34
457 1885 626 1963 iestin02)
648 1885 754 1944 taliaes
775 1888 851 1945 istas
872 1888 994 1960 armtias
1016 1887 1103 1956 obire,
1126 1881 1131 1966 Ι
1193 1903 1218 1944 e.

456 1985 590 2046 festino
613 2005 641 2064 g.
660 1988 746 2044 iilum
767 1988 908 2045 maritam
928 2005 1024 2046 meam
1045 1988 1149 2045 uictore.
1194 2005 1218 2045 o.

844 2280 879 2337 V.

411 2414 426 2472 1
459 2414 579 2490 Iamque
613 2413 770 2473 sufficienti
804 2419 936 2474 reoreata
970 2433 1072 2474 sommo
1106 2409 1110 2495 Ι
1138 2414 1262 2488 placido
1295 2417 1427 2490 resarqit

200 2560 206 2574 .
303 2516 400 2575 animo
421 2515 452 2592 (o
467 2543 509 2566 =
524 2517 554 2592 i).

409 2636 429 2692 4
455 2636 562 2694 Totum
585 2635 744 2694 membrum
767 2653 832 2694 oum
854 2637 959 2694 ultima
984 2641 1068 2714 parte
1096 2637 1244 2713 sequentis
1267 2655 1424 2697 numerose

304 2738 454 2813 congruit:
475 2763 808 2788 ----------
821 2765 855 2788 ω

456 2845 485 2911 et
503 2857 622 2899 oaorem
644 2841 700 2899 suot
721 2840 855 2915 Psyoteea
875 2841 988 2916 fecerat
1009 2835 1014 2924 Ι

456 2947 486 3002 et
508 2944 673 3002 antelucio
695 2948 824 3003 eaortma
839 2963 964 3019 propere
987 2946 1166 3005 discesserat.

410 3080 428 3139 5
457 3097 539 3157 opem
560 3082 723 3139 salutarem
741 3083 822 3155 ferre
845 3077 849 3163 Ι
954 3082 1072 3141 membr.

455 3184 672 3254 aenesidemo
696 3201 746 3243 eas
769 3186 884 3257 quidem
907 3187 1024 3242 omnimo
1039 3188 1150 3258 posset.
1206 3203 1230 3244 o.

410 3319 427 3377 6
459 3318 534 3393 „Sed
556 3320 658 3395 prias“
682 3320 780 3391 tmqatt
801 3321 929 3393 „eeattes
950 3320 1062 3376 mortar
1084 3312 1088 3400 Ι
1206 3337 1230 3378 o.

455 3438 542 3498 quam
564 3425 584 3480 t.
599 3421 618 3480 i.
634 3421 804 3480 dulcissimo
828 3422 949 3480 aoaabto
972 3423 1118 3480 eaream“.
1205 3439 1229 3480 e.

409 3559 427 3616 9
455 3557 609 3617 Sermones
632 3575 763 3618 sororum
786 3557 997 3618 invidiosorum
1012 3556 1153 3633 Psyches,
1176 3559 1231 3618 etsi
1246 3560 1423 3635 plerumque

303 3660 480 3721 cotidianam
517 3659 636 3720 dicendi
671 3662 815 3721 rationem
852 3662 946 3735 olent,
983 3664 1080 3720 tamen
1116 3661 1263 3720 interdum
1299 3679 1423 3722 numero

301 3763 452 3823 abundant
474 3763 567 3823 veluti
589 3764 621 3821 in
642 3763 688 3822 his
711 3765 824 3824 verbis:

385 3867 430 3924 En
461 3867 532 3926 orba
566 3869 595 3924 et
624 3884 713 3925 saeve
746 3870 775 3925 et
804 3867 906 3943 iniqua
932 3866 1077 3926 Fortunat
1121 3867 1235 3926 Hooine
1261 3867 1315 3925 tibi
1343 3883 1422 3926 eom-

300 3969 429 4045 plaouit‚
467 3972 499 4028 ut
531 3972 655 4044 utroque
685 3969 775 4046 (pari)
807 3971 930 4047 parente
962 3973 1126 4046 prognatae
1159 3971 1242 4046 (tam)
1273 3969 1423 4029 diversam

301 4074 409 4130 sortem
439 4071 648 4131 sustineremus
675 4075 705 4130 et
731 4089 785 4131 nos
812 4071 939 4149 quidem,
969 4089 1045 4149 quse
1072 4075 1143 4130 natu
1166 4073 1291 4131 maiores
1313 4089 1423 4148 sumus,

387 4239 396 4271 2

385 4237 408 4394 Ἰ
426 4235 680 4394 {imminuerem
698 4338 810 4381 numero
827 4322 965 4380 faventem
983 4321 1023 4380 ot·
1035 4340 1061 4396 p.
1073 4326 1114 4379 38.
