3218 4918
786 313 998 377 „30.„

330 487 393 549 viro
416 489 585 550 doctissimo
608 491 740 567 contigit,
762 495 795 550 ut
816 509 986 551 numerosas
1008 493 1099 552 series
1122 495 1171 551 vel
1188 495 1308 552 vicenas
1332 498 1383 552 aut
1401 493 1453 552 tri-

331 609 419 651 cenas
434 593 568 666 syllabas
575 588 598 672 ¹)
615 595 785 670 complexas
800 598 924 667 erueret,
936 612 995 670 qua
1005 597 1206 672 responsionis
1218 597 1453 656 accumulatione

329 696 419 753 nimia
442 697 513 754 satis
536 697 634 754 clucet
661 696 749 755 forti
773 701 851 755 certe
878 697 954 755 nihil
976 697 1119 756 eiusmodi
1141 699 1328 757 tribuendum
1351 701 1453 776 esse.²)

414 799 607 874 Praecipuum
629 799 743 857 numeri
769 799 869 858 sedem
892 801 1043 858 clausulas
1070 804 1099 858 ct
1121 801 1206 859 initia
1230 818 1294 860 csse
1317 801 1452 875 vidimus,

329 899 381 958 sed
410 917 470 958 uon
496 900 582 959 modo
612 900 799 977 periodorum
829 903 979 960 clausulas
1006 905 1096 978 atque
1126 903 1211 960 initia
1236 921 1375 962 numerus
1401 904 1452 962 ob·

328 1003 414 1074 tinet,
447 1019 548 1060 verum
582 1003 669 1061 etiam
699 1003 928 1062 membrorum
960 1007 994 1061 et
1023 1005 1224 1063 incisorum.
1277 1007 1394 1081 Itaque,
1420 1011 1453 1064 ut

328 1105 569 1180 compositionem
596 1123 781 1164 numerosam
810 1107 1016 1182 percipiamus,
1050 1107 1126 1165 sicut
1153 1108 1253 1183 poesis
1282 1109 1313 1165 in
1340 1126 1452 1181 versus,

330 1207 381 1265 ita
403 1208 518 1266 oratio
541 1209 661 1266 soluta
684 1208 881 1284 diligenter
904 1208 1160 1284 distinguenda
1187 1213 1240 1268 est
1262 1211 1297 1268 in
1320 1204 1451 1290 περιό-

328 1306 432 1382 δους,
455 1309 576 1386 κῶλα,
600 1300 816 1390 adaperui)

415 1411 501 1483 Quod
521 1417 618 1471 autem
633 1413 786 1489 Norden⁴)
806 1413 895 1471 dixit:
921 1414 1147 1487 ,Periodisierte
1169 1415 1230 1474 und
1249 1415 1451 1489 rhythmischc

326 1513 408 1573 Rede
431 1515 497 1574 sind
516 1515 594 1573 nach
613 1514 730 1574 antikcr
741 1516 936 1592 Vorstellung
950 1516 1127 1590 identisch“,
1149 1517 1180 1576 id
1199 1517 1334 1594 proiecto
1355 1520 1450 1578 solum

327 1616 365 1675 ad
380 1621 506 1676 aetatem
521 1619 683 1676 Romanam
702 1618 808 1677 referri
830 1620 916 1678 licet:
941 1623 1051 1694 quauta
1075 1621 1151 1679 enim
1174 1621 1296 1680 licentia
1319 1625 1450 1681 oratores

326 1719 420 1778 Attici
456 1723 545 1796 atque
582 1721 669 1780 Plato
706 1721 737 1779 in
773 1739 828 1780 usu
867 1723 980 1780 numeri
1017 1722 1235 1782 distinctionem
1272 1723 1450 1782 rhetoricam

326 1825 525 1900 neglexerint,
552 1841 589 1882 cx
611 1826 839 1883 accuratissimis
861 1826 970 1885 Blassii
993 1826 1241 1903 disputationibus
1264 1828 1335 1886 satis
1357 1829 1449 1885 mani-

325 1925 433 1984 festum
456 1927 538 2003 ests)

411 2028 453 2084 At
476 2025 579 2086 Oiccro
602 2029 653 2102 qui
676 2029 872 2087 Romanorum
899 2029 1011 2104 primus
1038 2029 1151 2086 numeri
1177 2031 1262 2104 leges
1285 2033 1374 2104 atque
1397 2049 1449 2088 na-

327 2132 422 2187 turam
444 2130 476 2187 in
497 2129 583 2188 libris
605 2131 741 2189 oratoriis
757 2131 876 2206 copiose
897 2132 1040 2206 exposuit,
1062 2131 1187 2188 liberam
1207 2131 1449 2206 compositionem

327 2249 513 2291 numerosam
528 2231 695 2290 Atticorum
719 2233 777 2290 iam
798 2250 859 2292 nou
882 2233 1019 2309 opinatus
1042 2249 1107 2292 esse
1122 2231 1246 2290 videtur.
1282 2233 1363 2290 Beue
1378 2251 1449 2292 vero

324 2335 410 2393 Blass
433 2352 585 2394 numerum
608 2334 833 2394 ciceronianum
860 2339 948 2411 atque
971 2336 1002 2392 in
1025 2336 1193 2394 universum
1215 2336 1384 2394 Romanum·
1401 2336 1448 2394 his

324 2437 487 2495 delineavit
508 2437 653 2515 verbis⁶):
689 2437 768 2511 ,Das
791 2439 900 2496 Wesen
923 2437 989 2496 dos
1011 2437 1178 2512 Rhythmus
1204 2439 1279 2514 licgt
1305 2439 1335 2495 in
1359 2441 1448 2497 etwas

324 2557 399 2615 ganz
426 2539 573 2612 auderem,
602 2540 733 2599 namlich
762 2539 911 2598 nattirlich
940 2540 1050 2599 wieder
1076 2541 1107 2597 in
1130 2541 1182 2599 der
1204 2540 1448 2617 Wiederholung,

324 2641 388 2700 hier
415 2642 492 2700 auch
518 2643 571 2700 der
600 2643 726 2701 Klauscl
760 2643 831 2701 oder
858 2643 935 2702 auch
969 2643 1020 2702 des
1053 2642 1207 2719 Aniangs;
1241 2643 1320 2701 deun
1350 2643 1448 2703 diesc

324 2744 516 2818 Rhythmilr
539 2746 640 2803 istiu
663 2745 724 2802 der
739 2745 806 2803 Tat
828 2746 889 2803 mit
904 2745 965 2803 der
981 2745 1202 2822 Glicdcrung
1222 2745 1283 2804 der
1297 2746 1392 2804 Rode
1411 2747 1447 2803 in

324 2845 499 2904 Perioden
514 2845 583 2903 und
595 2845 720 2922 Kolai)
735 2845 1009 2922 engvcrkniipft
1024 2846 1093 2904 und
1109 2845 1443 2922 darangcbunden.“

409 2979 431 3047 1)
449 2977 536 3045 Epist.
554 2976 635 3031 Hebr.
654 2976 737 3046 praet.
755 2994 780 3046 p.
793 2979 817 3033 4.
843 2977 911 3046 „Ein
923 2977 1072 3032 Maximum
1089 2978 1134 3032 fiir
1151 2979 1203 3032 den
1215 2977 1368 3045 Rhythmus
1386 2978 1448 3048 gibt

323 3079 351 3116 cs
368 3063 453 3130 nicht,
472 3062 513 3116 ost
530 3065 639 3131 16-17,
657 3063 686 3132 ja
704 3062 804 3117 einmal
826 3064 863 3132 18,
882 3063 983 3117 eiumal
1001 3065 1034 3118 26
1047 3063 1153 3117 Silben“
1173 3061 1222 3130 (im
1239 3061 1320 3116 Hebr.
1334 3063 1399 3132 Bu).

409 3150 430 3216 2)
447 3148 533 3216 Blass,
552 3148 645 3202 Jahrb.
658 3150 726 3204 1900
744 3165 768 3216 p.
781 3150 840 3205 425.
860 3149 965 3216 „chn
984 3163 1011 3201 es
1029 3147 1086 3200 sich
1098 3162 1144 3208 um
1156 3146 1306 3201 identischc
1319 3146 1447 3214 Gruppen

325 3250 375 3288 von
392 3233 514 3290 2Silben
532 3233 667 3300 handeltc,
686 3249 715 3287 so
733 3239 806 3288 wire
824 3233 884 3288 eine
901 3232 1102 3302 Widerlegung
1119 3232 1180 3288 sehr
1197 3231 1281 3286 leicht
1298 3247 1333 3284 zu
1350 3232 1446 3301 geben,

323 3320 392 3374 auch
415 3335 495 3374 wenn
518 3335 564 3373 um
583 3320 711 3387 Gruppen
734 3335 787 3374 von
810 3322 840 3386 3,
864 3321 881 3374 4
899 3318 1009 3384 ode15;
1034 3319 1099 3372 aber
1121 3317 1173 3372 mit
1186 3317 1264 3386 jeder
1281 3316 1354 3371 Silbe
1371 3317 1447 3372 mehr

322 3405 409 3474 steigt
432 3404 475 3459 die
493 3403 710 3474 Schwierigheit,
734 3405 793 3458 dala
811 3405 858 3458 der
875 3403 966 3457 Zuiall
990 3403 1047 3457 dies
1069 3403 1196 3472 gemacht
1213 3402 1301 3458 haben
1318 3403 1445 3458 kbuntc.“

408 3493 430 3560 3)
448 3490 488 3545 cf.
515 3489 568 3544 (lic.
590 3489 688 3544 Orator
714 3505 770 3558 cap.
792 3492 825 3546 66
852 3493 880 3542 et
906 3491 947 3545 67.
995 3488 1073 3542 Blass
1100 3487 1204 3543 numeri
1232 3503 1313 3542 causa
1339 3493 1446 3543 textum

323 3576 456 3645 epistulae
479 3575 559 3630 Hebr.
577 3569 651 3628 κατὰ
670 3576 781 3644 στίχους
809 3573 918 3642 scripsit
943 3574 973 3628 in
999 3573 1184 3628 recentissima
1213 3573 1346 3642 editionc;
1375 3574 1446 3628 idem

322 3662 475 3730 exemplum
492 3676 663 3715 numerosum
682 3659 812 3715 orationis
824 3658 988 3714 Milonianae
1001 3660 1017 3730 ἓ
1029 3661 1063 3716 23
1071 3658 1090 3712 t.
1111 3675 1174 3728 ,per
1185 3660 1244 3714 cola
1256 3666 1285 3715 et
1296 3661 1444 3714 commata“

323 3748 439 3804 notarit.

408 3835 624 3903 qupss

408 3923 429 3990 5)
446 3919 622 3974 Potissimum
647 3919 716 3974 liber
742 3918 820 3974 inser.
855 3917 921 3987 „Die
946 3918 1102 3986 Rhythmen
1128 3919 1153 3972 d.
1181 3923 1231 3973 att.
1258 3918 1443 3986 Kunstprosa“

321 4006 401 4061 testis
419 4010 468 4060 est.

408 4094 430 4160 ⁰)
448 4091 499 4145 Rh.
517 4091 542 4144 d.
561 4095 611 4145 att.
630 4091 663 4144 Κ.
682 4106 707 4158 p.
721 4091 770 4147 187
788 4088 817 4143 in
835 4087 1018 4142 adnotatione.

407 4179 429 4246 τ)
447 4176 486 4232 (lt.
511 4177 551 4230 cd.
570 4175 648 4245 epist.
666 4175 747 4230 Hebr.
766 4174 849 4246 praei.
873 4189 897 4242 p.
915 4174 939 4229 2.
966 4173 1074 4241 „Cicero
1098 4173 1202 4242 spricht
1226 4173 1267 4228 cit
1284 4174 1371 4227 daven
1388 4171 1444 4224 und

321 4259 383 4332 gibt
406 4261 446 4315 als
470 4261 621 4331 uugcllthre
638 4260 734 4316 (iniisse
751 4262 809 4330 (des
826 4259 926 4327 Kolon)
949 4257 993 4312 dic
1017 4257 1090 4312 eines
1114 4258 1291 4314 Hexameters
1315 4271 1358 4326 an,
1382 4255 1443 4310 di.

322 4346 541 4404 13-17si1ben:
560 4351 641 4401 untcr
658 4345 780 4403 SSilbcn
796 4350 899 4401 nunnte
917 4360 980 4399 man
998 4359 1025 4397 es
1042 4343 1181 4398 Komma.“
