3218 4918
632 273 843 333 ..39-

259 445 411 523 Legimus:
446 446 576 520 „Lumen
607 447 686 505 certe
712 463 773 504 non
798 447 920 516 videbis,
944 441 948 526 l
973 463 1060 504 manu
1084 446 1197 504 comitis
1220 446 1296 504 indi-

172 551 263 625 gebis,
287 545 291 630 Ι
316 548 455 609 Chariten
475 567 537 608 non
560 549 676 618 tenebis,
700 543 704 629 l
727 550 850 624 nuptias
871 565 932 606 non
953 549 1070 622 frueris,
1094 543 1099 627 1
1121 565 1175 606 nec
1193 551 1297 607 nortis

174 654 270 726 quiete
301 651 482 710 recreaberis
516 646 520 732 i
554 668 607 710 nec
638 653 716 710 vitoe
747 651 899 724 eoinptete
932 651 1100 710 laetaberis.
1111 651 1134 728 ¹)
1170 684 1207 693 -
1245 654 1295 710 tuo

172 755 316 812 luminum
350 771 451 814 eruore
485 755 581 813 libabo
612 750 616 834 Ι
648 757 677 812 et
710 753 820 812 sanctis
853 753 987 812 manibus
1016 754 1079 812 eius
1108 754 1173 813 istis
1203 754 1296 813 contis

165 857 364 932 pernicior

269 993 353 1053 X33
377 993 458 1065 Quid
479 1011 550 1070 ergo
573 993 719 1052 miramini
740 995 886 1054 citissimo
908 995 1015 1068 capito,
1039 989 1043 1075 Ι

430 1097 517 1155 immo
539 1097 673 1172 forensia
688 1113 807 1171 pecore.

260 1233 395 1310 Denique
437 1235 543 1291 aliae
580 1233 824 1309 proprietates
861 1233 1092 1292 rhetoricae
1128 1235 1166 1293 ad
1202 1236 1293 1294 Meta-

173 1336 370 1412 morphoseon
394 1337 635 1412 compositionem
656 1353 841 1395 numerosam
864 1337 987 1394 multum
1007 1337 1141 1395 attulisse
1157 1338 1294 1397 videntur

173 1456 248 1515 quas
271 1439 388 1514 quidem
405 1438 507 1498 Cicero
530 1439 573 1497 sio
596 1438 802 1516 delineavitfl)
829 1439 931 1512 ,‚Nam‚
953 1442 986 1497 ut
1007 1440 1110 1514 paullo
1134 1443 1202 1498 ante
1225 1441 1294 1514 dixi,

172 1544 258 1619 paria
289 1543 410 1618 paribus
441 1542 579 1600 adiuncta
610 1547 639 1600 et
668 1542 804 1600 similiter
833 1542 953 1601 definita
981 1543 1110 1617 itemque
1140 1545 1294 1602 contrariis

172 1646 269 1704 relata
292 1645 451 1716 contraria,
481 1662 557 1720 quse
580 1662 633 1703 sua
655 1648 773 1720 sponte,
803 1645 917 1703 etiamsi
939 1645 970 1702 id
992 1662 1052 1704 non
1074 1663 1158 1720 agae,
1186 1646 1295 1704 eadunt

172 1749 348 1824 plerumque
378 1763 545 1820 numerose,
575 1746 700 1823 Gorgias
729 1747 840 1824 primus
863 1747 988 1820 invenit,
1019 1747 1070 1806 sed
1093 1748 1136 1807 eis
1159 1752 1203 1807 est
1224 1766 1294 1808 usus

172 1846 442 1926 intemperantius.“

260 1953 446 2013 Contraria
476 1969 565 2028 saepe
594 1969 714 2011 numero
745 1953 846 2028 augeri
876 1952 907 2010 hi
936 1953 996 2011 loci
1018 1953 1294 2030 Metamorphoseon

171 2058 310 2135 probent:

257 2160 337 2218 vle
367 2159 484 2218 'lernae
514 2158 608 2217 denae
638 2158 773 2232 syllabae
799 2158 920 2234 paribus
943 2160 1086 2218 mensuris
1108 2163 1293 2236 repetuntur:

171 2288 574 2314 ------------
586 2287 620 2311 ω

219 2400 300 2459 Tnnc
321 2399 496 2457 adulescens
517 2399 603 2456 rnodo
624 2399 742 2469 florenti
765 2397 904 2472 lanugine
926 2399 1047 2457 borbone
1069 2401 1225 2469 instruens,
1244 2395 1248 2480 i

217 2521 294 2562 nnnc
316 2504 412 2560 aetate
434 2502 533 2560 rnedio
555 2500 694 2559 condenti
715 2501 823 2559 canitie
847 2500 969 2560 incidas.

258 2657 355 2716 xrsr
378 2690 643 2699 --------
648 2681 691 2732 a,

319 2794 391 2854 deae
415 2795 532 2869 quietern
553 2811 599 2852 nie
623 2798 738 2853 tontonn
759 2796 853 2853 sceris
874 2795 1016 2865 inbntnrn,
1040 2789 1044 2876 l

318 2901 356 2956 at
377 2897 476 2974 magni
575 2895 670 2956 Osiris
691 2897 815 2956 necdcnn
836 2899 930 2956 sacris
951 2897 1151 2958 ininstrotnnr.

174 3051 405 3112 Oeneinnitae
435 3054 541 3126 etque
572 3050 701 3109 similis
731 3053 912 3109 structura
934 3050 1176 3124 membrorum,
1205 3053 1292 3110 immo

173 3157 298 3213 totarum
332 3154 543 3212 sententiarum
576 3170 663 3227 quam
691 3152 838 3228 Apuleius
871 3169 908 3210 ex
936 3151 1192 3227 neosophistarum
1223 3172 1292 3212 oon-

173 3257 328 3316 suetudine
361 3273 543 3331 summopere
574 3255 737 3332 colebat,³)
770 3255 921 3314 dictioni
950 3273 1158 3314 numerosae
1187 3256 1292 3314 valde

173 3359 355 3418 favebant:
385 3362 474 3435 etque
502 3360 564 3417 eius
586 3361 645 3416 tam
667 3358 894 3420 innumerabilia
915 3361 1033 3434 praesto
1057 3362 1124 3416 sunt
1147 3360 1292 3434 exempla,

172 3466 205 3521 ut
226 3463 338 3539 optima
360 3463 471 3538 eligere
493 3460 574 3520 haud
595 3460 685 3519 facile
708 3461 754 3520 sit.

258 3664 280 3730 1)
297 3662 546 3717 ῘΞῘ---υ-
559 3692 604 3718 Ν.

257 3750 280 3817 ²)
299 3747 342 3802 Or.
360 3749 377 3818 ξ
391 3752 439 3802 tre
458 3747 493 3802 cf.
512 3747 593 3802 etiam
611 3747 627 3817 ξ
641 3753 681 3801 65.

258 3834 280 3902 ³)
299 3833 369 3888 Saue
394 3833 430 3887 ad
456 3833 556 3901 Apulei
578 3831 811 3901 Metamorphoses
837 3831 931 3885 valent
954 3848 987 3885 ea
1009 3847 1080 3900 quae
1102 3832 1225 3899 Norden,
1250 3833 1292 3887 De

172 3919 282 3973 Minucii
299 3919 358 3974 Fel.
374 3934 466 3988 progr.
489 3935 515 3986 p.
532 3923 561 3972 16
579 3918 619 3972 sic
640 3917 781 3986 exposuit:
804 3916 903 3985 „Cuius
922 3917 987 3970 artis
1008 3916 1077 3985 (scil.
1090 3917 1292 3986 concinnitatis)

174 4003 290 4072 quodvis
312 4003 423 4058 Minucii
449 4003 616 4057 enuntiatum
641 4002 766 4071 exempla
792 4001 907 4070 praebet
929 4002 1047 4056 emnium
1070 4002 1292 4071 luculentissima,

173 4089 237 4158 quin
258 4090 370 4144 modum
394 4104 426 4144 ea
447 4089 521 4143 inre
539 4089 578 4143 ita
595 4089 719 4155 excedit,
740 4092 770 4142 ut
788 4088 889 4141 circino
907 4093 935 4142 et
952 4087 1046 4156 regula
1062 4087 1179 4142 admotis
1196 4093 1292 4142 noctes

174 4174 288 4243 diesque
314 4175 380 4228 nihil
406 4175 465 4229 fere
487 4173 562 4228 aliud
585 4189 647 4227 eum
670 4173 759 4243 egisse
783 4173 928 4242 existimes,
955 4173 1006 4226 nisi
1023 4176 1054 4226 ut
1071 4173 1156 4228 verba
1173 4177 1293 4227 tornaret

174 4261 365 4331 derigeretque
383 4261 557 4316 sententias.“
