3218 4918
785 291 995 350 ..pg-

331 462 462 518 veterum
486 461 698 537 compositione
722 461 960 540 cognoscenda1)
982 464 1109 522 omnium
1133 462 1242 540 optime
1262 463 1382 523 meritus
1402 467 1458 539 est,

331 565 440 640 passim
463 566 610 640 expressis
632 566 730 624 verbis
753 570 887 642 repetere
910 569 999 642 atque
1021 571 1124 625 notare
1147 583 1268 626 necesse
1290 569 1457 644 putaverit:

335 668 424 740 „Wer
451 660 581 747 ῥυθμός
608 672 688 746 sagt,
722 672 788 745 sagt
817 669 1036 745 Entsprechen!
1085 670 1124 728 Es
1154 670 1218 745 gibt
1245 670 1320 729 eben
1346 669 1458 729 keinen
1575 731 1576 736 ,

331 768 497 844 Rbytbmus
528 770 604 829 ohne
636 759 750 850 ὅμοια;
781 771 828 830 die
851 772 1043 848 Beseitigung
1066 771 1118 831 des
1140 771 1359 848 Entsprechens
1381 774 1458 832 lasst

331 890 387 931 nur
417 870 585 952 ἀρρυθμία
614 873 733 932 uurdck.
788 874 825 932 ci.
852 875 976 934 Aristot.
998 874 1084 933 Rhet.
1106 875 1194 933 1118.
1249 875 1287 933 So
1314 875 1378 950 gibt
1407 875 1457 934 die

332 974 566 1033 ditrochaeische
589 976 715 1034 Klausel
744 995 768 1034 z.
789 977 821 1034 B.
845 981 905 1036 erst
927 977 1093 1051 Rhythmus
1123 977 1183 1034 und
1212 976 1286 1036 wird
1313 977 1457 1051 bemerkt‚

331 1095 417 1136 u'enn
443 1077 490 1134 ihr
517 1078 582 1136 eine
605 1077 714 1137 andere
741 1079 964 1156 entsprioht“²)
996 1097 1082 1155 quam
1109 1097 1171 1138 rem
1200 1081 1244 1137 vir
1270 1079 1457 1139 doctissimus

332 1184 361 1238 et
383 1181 450 1238 loco
474 1181 563 1238 citato
587 1182 757 1257 etcopiose
783 1183 815 1239 in
837 1181 913 1240 libro
941 1183 1082 1258 inscripto
1113 1181 1187 1256 „Die
1210 1182 1381 1256 Rhythmen
1404 1183 1457 1241 der

333 1281 479 1340 attischen
493 1281 698 1358 Kunstprosa“
724 1283 894 1360 exposuit-l)
917 1283 967 1341 ubi
990 1283 1026 1341 de
1049 1285 1091 1341 eis
1114 1301 1232 1358 quoque
1255 1301 1330 1358 quae
1354 1283 1457 1343 Cicero

332 1386 362 1442 in
386 1383 510 1444 Oratore
533 1385 701 1462 narravit,⁴)
726 1389 862 1444 accurate
890 1385 1059 1462 disputavit.
1112 1385 1170 1456 Qui
1199 1387 1284 1445 locus
1307 1385 1457 1446 Ciceroni-

332 1505 406 1546 anus
440 1489 565 1563 opiimus
598 1489 682 1546 testis
716 1490 878 1546 sententiae
908 1492 1026 1548 nostrae
1056 1492 1108 1561 est,
1138 1487 1216 1546 unde
1244 1507 1396 1547 numerum
1425 1491 1457 1546 in

333 1591 465 1648 oratione
489 1589 631 1649 Carbonis
661 1590 812 1648 laudatum
842 1609 902 1650 non
928 1609 982 1650 usu
1007 1593 1070 1650 solo
1095 1591 1247 1650 clausulae
1270 1591 1457 1650 dichoriacae

335 1693 537 1766 „percolatas“
566 1695 616 1750 vel
640 1695 886 1767 „comprobaoit“,
919 1694 970 1752 sed
1001 1711 1100 1752 earum
1132 1695 1373 1753 clausularum
1402 1712 1456 1752 re-

334 1797 525 1871 sponsione
559 1797 726 1855 constitisse
759 1798 870 1868 elucet,
901 1801 1056 1872 postquam
1088 1797 1143 1854 illa
1173 1798 1288 1855 altera
1322 1798 1457 1856 clausula

334 1898 515 1957 ditrochaica
539 1899 657 1958 auribus
679 1900 784 1975 populi
807 1900 942 1958 occurrit.

420 2000 509 2071 Quia
535 2002 647 2077 igitur
675 2018 838 2060 numerus
865 2001 958 2059 nihil
985 2001 1084 2060 aliud
1114 2007 1167 2060 est
1193 2006 1298 2077 atque
1321 2004 1456 2077 parium

334 2104 555 2177 syllabarum
577 2105 749 2180 repetitio
772 2103 947 2176 dilucida,
970 2122 1039 2162 non
1058 2104 1156 2163 modo
1177 2105 1373 2176 clausulas,
1396 2106 1457 2163 sed

334 2207 438 2264 etiam
461 2208 553 2265 alias
576 2208 751 2266 orationis
773 2211 894 2283 partes
917 2207 1070 2265 obtinet:
1093 2207 1124 2264 id
1146 2210 1259 2264 tantum
1281 2208 1457 2281 postulatur,

333 2314 366 2367 ut
395 2310 485 2368 series
518 2311 573 2367 illa
606 2307 789 2382 syllabarum
823 2311 900 2368 inter
933 2327 965 2368 se
991 2309 1231 2386 respondentium
1262 2308 1341 2367 haud
1371 2309 1457 2368 nimis

334 2417 453 2484 semota,
475 2413 641 2488 perspicua,
663 2413 782 2472 auribus
805 2412 895 2471 facile
918 2412 1110 2489 percipienda
1132 2412 1178 2471 sit.

419 2517 483 2572 Jam
507 2515 539 2572 E.
559 2517 686 2575 Mueller
716 2517 766 2591 qui
795 2518 903 2574 multos
933 2533 1047 2574 errores
1077 2515 1114 2574 de
1146 2517 1281 2574 clausula
1311 2515 1457 2574 rhetorica

335 2617 486 2693 expedivit
509 2621 538 2675 et
556 2619 667 2693 primus
694 2619 926 2693 simplicissimas
951 2618 1149 2676 clausularum
1176 2617 1286 2676 formas
1311 2618 1457 2693 cognovit,

335 2737 485 2778 numerum
517 2721 641 2778 aliarum
669 2721 810 2779 orationis
836 2721 963 2796 partium
990 2720 1093 2795 paucis
1115 2720 1221 2795 tetigit,
1251 2721 1306 2779 etsi
1328 2715 1466 2794 rhythmi

336 2821 434 2880 sedem
457 2823 646 2898 praecipuam
673 2824 704 2880 in
727 2823 869 2881 clausulis
898 2840 961 2882 esse
987 2823 1133 2898 probavit.
1177 2825 1252 2881 Tum
1276 2824 1456 2898 potissimum

335 2925 414 2983 Frid.
440 2927 527 2985 Blass
554 2927 605 3001 qui
627 2927 684 2984 iam
712 2927 743 2984 in
769 2927 865 3001 prima
894 2925 1022 2986 editione
1053 2927 1151 3002 operis
1180 2927 1305 2983 illustris
1333 2924 1369 2982 de
1397 2927 1457 2982 elo-

336 3029 457 3102 quentia
471 3029 572 3087 Attica
580 3029 605 3106 ⁵)
626 3029 710 3087 varia
731 3030 844 3088 numeri
867 3047 977 3106 genera
999 3030 1030 3086 in
1052 3028 1137 3086 libris
1157 3027 1335 3086 Graecorum
1359 3025 1457 3084 obser·

422 3249 442 3316 ¹)
460 3246 499 3300 Oi.
518 3264 542 3315 p.
555 3250 580 3316 4,
598 3247 645 3302 ubi
663 3247 786 3316 singulas
804 3246 904 3301 Blassii
922 3245 1126 3300 dissertationes
1144 3243 1236 3298 attuli.

422 3335 444 3401 ²)
463 3333 534 3401 „Der
550 3333 679 3401 Rhythm.
698 3332 741 3387 bei
759 3333 783 3386 d.
802 3337 852 3386 att.
865 3333 1016 3386 Rednern.“
1044 3331 1137 3385 Jahrb.
1150 3329 1169 3384 f.
1182 3331 1206 3384 d.
1219 3329 1300 3383 ldass.
1314 3328 1370 3381 Alt.
1385 3331 1457 3396 1900,

336 3437 360 3487 p.
373 3421 431 3475 423.
468 3417 588 3473 Similem
606 3418 790 3472 definitionem
808 3417 914 3472 numeri
932 3417 961 3470 in
978 3415 1106 3471 editionis
1124 3415 1232 3484 epistul.
1245 3414 1278 3467 ad
1290 3414 1371 3468 Hebr.
1384 3431 1458 3482 prae·

335 3504 438 3560 tatione
456 3506 510 3574 p.2
528 3503 640 3558 statuit:
666 3504 764 3573 „Alles,
789 3520 845 3557 was
863 3503 1016 3571 Rhythmus
1034 3501 1129 3569 heilst,
1154 3501 1203 3555 hat
1220 3501 1458 3570 Entsprechen

336 3590 392 3644 und
415 3590 523 3644 bestebt
545 3589 575 3643 in
598 3589 646 3643 der
665 3588 878 3658 Wiederholung
904 3589 950 3642 des
968 3587 1111 3642 Gleichen:
1138 3585 1190 3640 wir
1207 3602 1314 3641 neuneu
1332 3603 1360 3640 es
1378 3586 1457 3639 Talit.

337 3675 410 3729 Aber
426 3675 503 3729 nicht
520 3691 566 3728 um
584 3675 673 3730 solche
685 3673 776 3730 kleine
789 3674 878 3728 Takte
890 3672 954 3742 (wie
966 3673 984 3728 J
985 3673 1079 3726 ambus
1092 3672 1155 3727 oder
1167 3671 1331 3739 Trocbaeus)
1348 3670 1459 3724 handelt

337 3775 365 3814 es
383 3759 440 3814 sich
457 3759 528 3814 beim
545 3760 716 3828 prosaischen
734 3759 900 3828 Rhymmus,
924 3758 1039 3812 sordem
1062 3773 1108 3812 um
1131 3758 1252 3827 grdlsere
1269 3757 1324 3812 und
1341 3755 1459 3823 beliebig

338 3861 386 3899 aus
404 3846 518 3915 Lingen
541 3846 598 3900 und
621 3847 731 3900 Kiirzen
757 3844 904 3913 geiormte3
932 3859 985 3896 nur
1007 3844 1079 3897 muss
1097 3843 1371 3911 Wiederholung
1394 3840 1457 3909 sein,

338 3930 485 4000 eiumalige
503 3929 677 3998 mindestens,
695 3929 782 3984 demit
799 3928 856 3982 dies
869 3927 981 3983 Gebilde
999 3928 1039 3982 als
1057 3928 1210 3997 Rhythmus
1227 3925 1459 3997 gekennzeichnet

337 4016 376 4071 sei
394 4017 450 4070 und
467 4015 621 4084 Rhythmus
639 4014 702 4070 sei.“
805 4003 808 4010 ’

424 4103 583 4170 bpfflm

424 4188 446 4255 ⁴)
463 4185 507 4242 Or.
525 4187 612 4258 5213.

422 4274 447 4342 ⁶)
465 4271 540 4327 ΕΜ
557 4287 628 4326 anno
646 4272 720 4329 1868.
