3218 4918
611 300 822 363 „29..

150 481 276 540 vaverat
305 476 456 554 largisque
488 478 632 553 exemplis
661 475 837 548 firmaverat,
867 477 968 534 nostra
998 477 1094 532 aetate
1121 473 1151 531 in
1178 472 1278 533 multis

152 583 273 658 scriptis
308 581 551 655 compositionem
584 596 769 638 numerosam
802 578 941 636 tractavit
969 580 1058 653 atque
1088 581 1183 636 certas
1217 579 1279 636 eius

152 687 274 762 regulas
309 683 484 742 enucleavit.
545 681 602 752 Qui
635 683 680 739 vir
712 680 896 739 doctissimus
930 680 1072 756 imprimis
1105 681 1279 756 scriptorum

154 789 335 849 Graecorum
364 786 508 844 rationem
539 784 653 856 habuit,
684 801 778 860 nuper
812 786 908 842 autem
931 785 1128 842 Romanorum
1162 801 1280 858 quoque
1317 813 1319 816 ·

153 908 307 949 numerum
331 889 458 964 egregiis
482 887 624 963 exemplis
648 885 897 962 demonstravitl)

242 992 337 1063 Quae
375 991 446 1048 sint
484 993 627 1065 praeter
668 989 865 1046 clausulam
903 988 992 1046 illae
1029 989 1124 1046 aliae
1160 992 1281 1065 partes

155 1093 347 1165 orationis,
393 1109 480 1166 quae
521 1108 699 1149 numerum
736 1090 832 1148 terre
868 1091 1020 1165 possint,
1064 1091 1192 1149 Mueller
1228 1108 1282 1150 nos

156 1197 291 1272 docet²):
329 1194 481 1269 „Vidimus
511 1195 661 1252 clausulas
694 1194 771 1251 inter
800 1210 831 1251 se
862 1209 950 1268 saepe
981 1193 1161 1268 respondere
1192 1211 1282 1270 seque

158 1300 245 1376 quasi
266 1299 387 1356 munire.
425 1298 533 1355 Verum
556 1314 615 1355 non
639 1297 734 1354 solum
756 1297 833 1354 inter
855 1313 886 1353 se
908 1296 1096 1370 respondent,
1119 1296 1172 1354 sed
1195 1297 1283 1355 etiam

159 1421 226 1462 oum
248 1401 315 1460 aliis
338 1399 548 1459 sententiarum
571 1399 712 1474 partibus,
736 1415 793 1472 quo
815 1399 857 1456 eis
876 1399 922 1456 vis
942 1398 1029 1456 etiam
1044 1399 1137 1458 maior
1152 1399 1282 1458 accedat.

158 1506 224 1564 Hae
257 1503 467 1563 sententiarum
504 1505 603 1577 partes
637 1503 760 1577 possunt
798 1518 862 1558 esse
897 1499 1047 1560 diversae:
1084 1519 1206 1561 necesse
1239 1505 1284 1560 est

159 1611 257 1666 autem
280 1623 403 1682 semper,
425 1607 458 1662 ut
479 1605 654 1680 perspicuae
677 1603 735 1661 sint
755 1620 842 1678 quam
862 1603 1003 1661 maxime:
1026 1622 1094 1662 nam
1114 1606 1201 1663 aliter
1220 1603 1284 1662 fieri

158 1728 220 1769 non
245 1711 352 1786 potest,
385 1710 418 1766 ut
443 1707 645 1783 percipiantur
674 1705 803 1764 auribus.
858 1705 952 1782 Saepe
981 1707 1066 1764 initia
1096 1707 1283 1784 periodorum

159 1829 314 1872 numerose
338 1810 522 1869 conformata
545 1812 624 1882 sunt,
648 1825 737 1885 saepe
759 1809 846 1866 etiam
869 1809 1064 1868 membrorum
1086 1809 1159 1870 fines
1182 1811 1285 1870 eodem

161 1915 248 1974 modo
272 1913 403 1972 distincti
426 1915 494 1971 sunt
516 1930 574 1988 quo
598 1913 750 1970 clausulae
773 1911 988 1988 periodorum.“
998 1913 1023 1989 ³)

248 2017 331 2088 Quae
346 2016 484 2074 Muelleri
507 2016 606 2091 opinio
629 2014 755 2074 fortasse
779 2015 816 2073 ob
838 2031 930 2091 parca
951 2019 1041 2091 atque
1059 2035 1163 2093 parum
1178 2017 1286 2076 idonea

162 2123 299 2197 exempla
325 2140 343 2178 a
365 2120 436 2178 viris
467 2118 561 2178 doctis
587 2118 636 2177 diu
663 2120 813 2194 neglecta,
843 2119 930 2177 immo
953 2139 971 2176 a
994 2121 1093 2178 multis
1119 2122 1210 2196 plane
1232 2121 1285 2178 irn-

162 2224 287 2301 probata
309 2226 366 2294 est,
388 2223 482 2280 veluti
504 2241 522 2279 a
540 2221 764 2297 Bornecquio.⁴)
807 2223 930 2278 Domum
946 2222 1032 2281 Blass
1056 2240 1167 2282 summo
1189 2223 1286 2281 studio

162 2327 248 2384 illam
277 2325 451 2384 sententiam
479 2325 622 2400 exemplis
645 2323 759 2382 firmare
790 2327 819 2381 et
845 2325 883 2383 ab
910 2327 1021 2400 impetu
1047 2325 1214 2384 vehementi
1237 2325 1287 2384 de-

163 2427 287 2486 fendere
314 2431 434 2486 conatus
461 2429 506 2485 est
528 2443 628 2484 eorum
655 2427 706 2502 qui
729 2444 792 2484 eam
815 2427 902 2486 nimis
929 2426 1116 2486 artificiosam
1139 2445 1175 2486 ac
1198 2445 1287 2503 quae·

166 2531 252 2588 sitam
289 2529 444 2602 duxerunt,
481 2533 514 2587 ut
546 2528 739 2601 Thalheimii,
775 2529 806 2586 in
844 2529 1050 2588 dissertatione
1086 2531 1174 2590 inser.
1208 2531 1288 2606 „Der

165 2632 330 2707 Rhythmus
353 2633 401 2691 bei
424 2631 451 2690 d.
474 2635 525 2690 att.
548 2631 752 2707 Rednern“⁵)‚
779 2633 829 2691 vel
851 2632 1048 2710 Immisohiifi)
1099 2634 1215 2692 Revera
1240 2634 1288 2691 illi

252 2835 274 2902 1)
290 2831 341 2886 Die
359 2832 488 2900 Rhythm.
506 2831 554 2886 der
571 2836 621 2886 att.
640 2833 682 2899 K,
706 2849 731 2900 p.
745 2833 802 2899 186,
826 2832 856 2886 in
878 2833 1060 2888 adnotatione.
1101 2835 1134 2887 ln
1157 2833 1290 2901 epistulae

165 2919 199 2973 ad
221 2919 303 2973 Hebr.
322 2916 448 2972 editionis
471 2917 640 2985 praefatione
664 2921 818 2970 accuratam
842 2917 966 2986 analysin
990 2917 1120 2972 orationis
1144 2917 1197 2972 eie.
1213 2917 1289 2971 Milo-

165 3003 263 3058 nianae
290 3003 323 3074 ἓξ
340 3005 388 3069 23,
406 3003 440 3058 24
467 3001 554 3071 dedit,
579 3003 650 3056 unde
674 3001 730 3055 fere
756 3001 863 3055 nullum
889 3003 1037 3058 membrum
1064 3018 1174 3058 numero
1199 3018 1290 3058 carere

166 3093 287 3158 apparet.

251 3176 273 3242 2)
291 3190 316 3241 n·
328 3175 370 3242 35,
389 3173 441 3244 §6-

252 3261 274 3326 ³)
291 3259 378 3326 Blass,
396 3257 451 3312 th
460 3259 485 3313 d.
498 3262 548 3313 att.
561 3259 595 3312 K.
609 3258 722 3329 egregia
734 3260 857 3328 exempla
869 3259 992 3329 protulit.
1012 3260 1044 3314 cf.
1058 3261 1097 3314 ed.
1112 3259 1189 3330 epist.
1208 3261 1290 3316 Hebr.

166 3343 259 3414 praet,
277 3343 325 3399 ubi
342 3345 375 3398 de
388 3344 470 3398 variis
488 3344 593 3399 numeri
611 3344 677 3398 locis
689 3345 755 3400 haee
772 3345 880 3402 notavit
898 3363 923 3415 p.
937 3347 961 3402 4.
982 3347 1036 3415 „Es
1048 3346 1123 3400 kann
1134 3345 1144 3399 i
1156 3345 1290 3416 (initium)

168 3428 255 3497 miti,
279 3445 293 3482 o
316 3429 461 3499 (clausula)
484 3429 536 3483 mit
559 3447 574 3484 c
596 3430 793 3499 respondieren,
820 3431 896 3485 indes
923 3433 992 3506 auch
1015 3431 1025 3485 i
1043 3431 1094 3485 mit
1112 3447 1126 3484 o
1148 3430 1291 3486 innerhelb

168 3513 243 3570 eines
261 3513 367 3569 Gliedes
385 3515 449 3570 oder
466 3515 509 3570 bei
527 3515 742 3585 verschiedenen,
766 3517 909 3571 besonders
932 3517 972 3571 oft
990 3534 1004 3571 c
1022 3517 1068 3571 des
1086 3516 1165 3571 einen
1183 3517 1292 3571 Gliedes

168 3623 203 3644 =
214 3598 224 3652 i
242 3599 288 3653 des
306 3599 443 3668 rachater,
464 3615 567 3653 woraus
580 3599 644 3668 sich,
663 3616 742 3654 wenu
755 3600 812 3654 sich
823 3601 870 3654 das
882 3600 1018 3668 formetur,
1036 3601 1176 3654 ftrmliche
1187 3601 1292 3655 Ketten

168 3683 260 3739 bilden
268 3685 384 3739 konnen.
409 3685 487 3738 Auoh
496 3686 543 3738 das
555 3701 642 3754 ganne
652 3685 731 3740 Glied
746 3687 820 3739 kann
833 3686 921 3740 einem
933 3686 1035 3740 andern
1045 3687 1108 3742 oder
1118 3686 1206 3741 einem
1215 3685 1292 3740 Teile

169 3770 243 3824 eines
261 3771 363 3824 andern
381 3771 582 3839 entsprechen.“
607 3770 709 3825 ibidem
727 3787 752 3840 p.
765 3774 789 3828 3.
814 3772 884 3840 „Der
901 3772 1035 3826 Numerus
1053 3772 1102 3826 hat
1119 3772 1175 3826 also
1193 3771 1223 3825 in
1240 3772 1293 3825 den

170 3854 361 3909 Schl'r'rssen
378 3855 472 3910 seinen
483 3855 640 3926 Hauptsitz,
658 3856 816 3911 demnitchst
833 3858 903 3910 auch
920 3857 950 3911 in
961 3858 1013 3912 den
1030 3857 1229 3926 Anibngen,
1248 3873 1292 3910 am

169 3938 323 4008 wenigsten
340 3939 444 3994 kommt
462 3939 505 3994 die
523 3940 603 3996 llitte
621 3941 650 3995 in
668 3941 805 3996 Betracht.
842 3941 875 3996 So
896 3941 988 3996 Cicero
1012 3941 1049 3996 im
1070 3941 1168 3997 Orator
1190 3957 1246 4010 cap.
1258 3943 1292 3997 59

259 4111 281 4181 ⁴)
299 4111 381 4165 Prose
399 4112 476 4165 metr.
494 4128 520 4179 p.
533 4113 590 4180 195,
609 4111 697 4183 §loa

255 4197 278 4264 ⁵)
295 4195 388 4251 Jahrb.
407 4196 426 4250 i.
443 4197 482 4252 kl.
496 4195 594 4251 Philol.
614 4199 682 4254 1900
698 4214 723 4268 p.
736 4198 787 4254 423
796 4213 852 4266 sqq.

255 4283 278 4354 ο)
295 4281 389 4338 Jahrb.
407 4283 475 4338 1902
492 4297 517 4353 p.
529 4283 588 4340 725.
