3218 4918
615 319 826 381 ..35-

155 493 303 570 cipuequc
334 509 422 552 voces
452 493 578 566 syllabis
611 511 688 566 „am,
712 483 769 566 em,
792 493 843 565 im,
866 495 932 550 um“
958 492 1128 552 terminatas
1150 494 1280 570 respexit

156 615 233 672 quas
264 599 332 654 ante
360 613 463 654 vocem
486 614 503 652 a
525 596 624 653 vocali
646 596 836 670 incipientem
857 595 1012 653 elidendus
1035 613 1099 654 esse
1122 597 1177 653 viri
1201 596 1280 655 docti

155 701 234 757 inter
258 715 289 756 se
313 698 500 756 consentiunt
516 697 642 772 atquae
657 697 831 773 Bornecque
846 698 1006 775 notavit:¹)
1031 699 1144 772 „Toute
1160 701 1280 774 voyelle

155 820 196 860 ou
218 805 300 860 toute
323 799 440 874 syllabe
463 817 500 857 en
522 834 564 842 —
586 818 645 873 am,
669 817 727 872 em,
749 801 802 872 im,
824 818 883 873 om,
906 819 966 873 um,
995 802 1100 877 placeo
1123 819 1160 860 en
1183 801 1280 860 hiatus

155 907 175 962 a
199 906 230 961 la
252 902 293 960 fin
315 902 384 960 d’un
406 905 474 975 mot,
497 901 626 961 s’elide.“

243 1023 374 1084 Contra
396 1022 594 1081 Kirohhofi
621 1022 776 1099 probare
806 1027 955 1082 conatur
985 1023 1079 1082 illud
1108 1043 1137 1082 m
1164 1024 1280 1084 finale

154 1125 326 1184 in'hiatu
356 1142 441 1184 sono
472 1124 588 1183 debili
620 1125 920 1201 pronuntiandum
955 1143 1032 1185 esse
1069 1144 1183 1202 neque
1212 1128 1280 1186 vim

155 1228 310 1287 metricam
341 1226 476 1301 syllabae
506 1245 560 1284 am
591 1244 643 1285 cm
673 1227 718 1284 im
750 1245 805 1285 um
836 1231 864 1286 et
891 1245 966 1302 quac
990 1228 1051 1287 eius
1075 1230 1191 1304 generis
1214 1230 1281 1303 sint,

155 1331 274 1407 negligi
296 1328 446 1406 heberei)

246 1448 305 1508 Sed
327 1450 358 1506 in
373 1448 429 1507 hac
445 1449 617 1524 quaestione
634 1448 818 1525 expedienda
833 1450 955 1507 multum
971 1448 1114 1526 proficere
1129 1451 1281 1526 potuisset,

159 1554 185 1612 si
208 1571 270 1611 non
293 1555 352 1609 tam
376 1552 575 1609 clausularum
601 1551 868 1625 „rhythmicarum“
887 1569 974 1628 quam
991 1553 1190 1611 clausularum
1205 1554 1282 1612 inter

157 1674 190 1714 se
212 1654 463 1730 responsionis
486 1654 630 1712 rationem
652 1653 848 1732 habuisset,³)
869 1654 947 1713 unde
970 1671 1105 1731 semper
1128 1655 1281 1715 elidendae

156 1775 223 1817 esse
254 1774 342 1815 voces
372 1757 403 1814 in
436 1775 501 1831 „am
531 1773 577 1814 em
606 1756 646 1813 im
675 1758 741 1813 um“
774 1757 965 1815 terminantes
995 1757 1158 1831 didicisset,
1187 1759 1281 1817 veluti

156 1877 259 1920 omues
288 1859 359 1917 illas
388 1858 488 1917 decem
519 1859 669 1917 clausulas
699 1875 772 1933 quas
802 1875 861 1917 uon
885 1876 921 1917 cx
942 1858 1092 1918 rhetorum
1114 1861 1281 1938 praeceptis

155 1964 300 2022 formatas
323 1979 388 2020 esse
410 1960 569 2020 Kirchhofi
591 1961 708 2038 dicit‚⁴)
734 1962 858 2020 elisione
880 1961 1013 2020 adhibita
1035 1966 1086 2021 aut
1107 1963 1183 2022 bene
1205 1965 1282 2023 inter

156 2084 190 2126 se
212 2064 393 2142 respondere
416 2068 466 2122 aut
492 2064 702 2139 „rhythmicis“
728 2064 899 2124 tribuendas
922 2082 986 2124 esse
1008 2070 1140 2142 apparet.

156 2221 206 2278 Il
233 2217 459 2279 Graecanicam
480 2219 637 2304 iaaipimm
659 2243 701 2268 =
724 2235 881 2292 oppressas
904 2220 1022 2278 excolui.
1073 2221 1173 2296 Resp.
1196 2238 1281 2279 num.

156 2324 229 2380 112
252 2338 354 2379 verum
372 2321 463 2378 etiam
478 2321 593 2394 tapam
607 2322 785 2380 instruit:
799 2323 966 2380 aetatulam
979 2339 1083 2381 meam.
1135 2367 1150 2396 „
1222 2368 1236 2396 „

158 2426 230 2482 122
254 2441 336 2482 erum
361 2426 452 2481 tuam
475 2423 644 2495 offenderim
666 2449 707 2472 z
723 2425 836 2498 pipam
859 2425 1019 2483 admittere.
1137 2469 1151 2498 ‚,
1222 2469 1236 2498 η

160 2527 192 2584 Π
212 2528 247 2585 10
270 2528 394 2585 sociam
415 2528 612 2599 impressi:
635 2527 761 2600 capillus
784 2528 924 2586 aseendit.
1222 2573 1236 2603 ,‚

161 2629 192 2685 ΙΙ
211 2630 247 2687 18
269 2646 369 2704 pacem
385 2629 549 2702 publicam
570 2629 703 2703 infestat.
726 2655 768 2679 -:
790 2629 909 2688 Passim
933 2630 1102 2689 trucidatos.
1137 2675 1152 2704 ,‚
1222 2676 1237 2706 ,‚

162 2731 191 2788 V
204 2732 243 2788 27
260 2732 414 2804 pabulam
435 2733 550 2790 imtem'it
569 2757 611 2782 =
633 2731 671 2790 ad
694 2734 841 2792 civitatem
863 2733 963 2791 utiam.
1137 2778 1151 2808 „
1222 2778 1237 2808 „

163 2833 234 2891 VIl
260 2851 321 2893 sese
334 2836 512 2908 proximam
533 2835 671 2912 iamiar)
693 2860 733 2885 =
756 2837 855 2909 spicas
878 2835 979 2894 hordei
999 2836 1084 2894 videt.
1137 2880 1152 2910 ‚,
1222 2880 1236 2910 ,‚

160 2936 204 2994 VI
220 2937 259 2996 26
282 2937 340 2995 iam
362 2938 562 2996 novissimam
585 2939 717 3010 aepactas
740 2963 781 2986 =
804 2936 848 2997 Ol.
870 2937 1036 3011 rhythmica
1061 2949 1226 2988 -ν--Ζ

159 3039 203 3097 VI
219 3041 258 3097 29
276 3040 437 3114 perditum
458 3040 515 3098 ibis
537 3065 579 3089 ε
601 3038 727 3098 festinas
750 3039 791 3098 ad
815 3039 928 3098 Orcum.
1074 3041 1174 3117 Resp.
1198 3059 1282 3099 num.

159 3142 222 3200 Χ2
247 3142 285 3202 ad
302 3144 484 3217 ptiaipuam
506 3142 615 3202 adiecit
635 3169 676 3191 =
700 3144 800 3202 mariti
814 3143 1013 3217 praepolleas.
1138 3189 1152 3218 „
1222 3189 1237 3219 „

246 3298 352 3372 Neque
382 3314 452 3355 vero
484 3314 548 3355 cum
577 3295 764 3356 Kirchhoffio
795 3297 895 3356 facere
925 3313 1057 3373 possum,
1086 3298 1164 3372 quod
1194 3315 1221 3372 p.
1243 3299 1282 3356 26

160 3401 380 3459 enuntiatorum
409 3401 619 3459 nonnullorum
649 3397 723 3459 fines
752 3418 822 3459 vere
857 3400 972 3460 hiulcos
1007 3401 1172 3476 appellavit
1210 3418 1284 3475 quos

248 3619 270 3684 ¹)
288 3617 373 3672 Prese
390 3615 467 3672 metr.
485 3618 554 3673 dans
571 3618 598 3673 la
616 3633 734 3688 corresp.
753 3617 789 3672 de
807 3617 862 3672 Cic.
881 3616 924 3687 §7
943 3634 969 3686 p.
983 3624 1006 3672 t.

246 3705 269 3770 ²)
287 3719 314 3772 p.
330 3707 369 3757 12.

247 3790 269 3855 ³)
288 3789 374 3844 Velut
390 3789 444 3843 hoc
466 3789 529 3844 loco
548 3788 778 3857 Ciceronianam
803 3804 884 3857 quem
903 3787 974 3843 forte
996 3787 1078 3843 incidi
1096 3788 1164 3843 Phil.
1177 3789 1205 3842 ΙΙ
1223 3789 1283 3858 §40

159 3872 362 3928 hereditatibus
385 3871 526 3928 rettuli:
543 3873 695 3930 feliciorem
717 3889 771 3927 esee
797 3875 830 3926 te.
876 3873 958 3928 Plura
984 3873 1110 3942 exempla
1136 3889 1284 3943 congerere

159 3956 243 4012 facile
261 3963 310 4012 est.

248 4046 271 4112 ⁴)
289 4060 316 4113 p.
332 4049 371 4100 12.

247 4130 270 4197 ⁶)
289 4130 384 4184 Lectio
404 4130 498 4186 Vlietii
516 4145 596 4199 quam
614 4130 648 4186 ab
665 4129 866 4185 Elmenhorst10
883 4134 1020 4184 mutuatus
1040 4135 1082 4185 est
1099 4129 1285 4199 „proximans

161 4214 268 4269 intulit*
293 4215 471 4284 responsione
493 4215 645 4285 rhythmica
673 4215 753 4285 plane
781 4213 926 4269 refutatur:
950 4230 1014 4269 sane
1037 4220 1067 4268 ut
1089 4231 1150 4268 cum
1174 4215 1284 4269 Rohdio

163 4300 364 4370 ,proximum“
382 4300 540 4370 scribamus,
558 4316 655 4355 seusus
672 4299 808 4370 postulem
827 4299 908 4354 codd.
921 4301 1090 4369 proximam.

1082 4401 1113 4458 31
