3218 4918
665 344 876 402 ..79-

295 515 408 576 Ibidem
432 515 543 592 duplex
564 517 640 575 ratio
664 517 883 593 compositionis
906 514 1089 591 rhythmicae
1113 515 1256 594 exstat¹):

364 620 430 678 Tuo
453 621 525 677 nutu
547 620 664 692 spiennt
683 621 815 690 flemina,
840 613 844 700 i
866 620 1033 677 nntrinnt
1052 619 1188 688 nnhe'lo,
1213 613 1217 697 i

362 723 567 796 perminnnt
586 723 734 791 senine,
758 716 761 802 i
787 725 920 780 creseunt
939 723 1080 795 pennino.
1104 715 1108 802 Ι

364 857 593 935 perhorrescent
607 876 675 918 noes
692 859 772 918 eaelo
783 863 923 929 meantes,
937 853 941 940 Ι
966 875 989 917 c.

458 962 560 1020 helnae
575 965 671 1036 ponto
691 965 839 1020 nolentes.
864 955 868 1042 Ι
913 979 950 1019 m.
1000 873 1016 1021 ἲ
1026 936 1257 959 ””””””
1269 935 1303 960 Ν

296 1101 336 1158 26
363 1099 441 1158 Eece
458 1103 626 1158 transcurso
641 1099 783 1174 sepnifero
804 1099 915 1157 clreulo
939 1092 943 1180 Ι
971 1097 1016 1261 ip
1027 1176 1257 1200 -------
1270 1175 1303 1200 Ν

363 1201 415 1262 Sol
436 1218 563 1276 cnapnns
579 1218 690 1260 nnnnn
710 1201 908 1274 eonnoleoeret.
933 1195 937 1282 i
965 1218 989 1259 c.

297 1339 336 1395 27
363 1335 410 1396 Ae
432 1338 500 1396 dnon
521 1338 691 1413 religiosum
713 1338 882 1411 sennenn
905 1331 909 1418 Ι
1000 1341 1182 1396 sacratonnn
1202 1337 1332 1396 consiliis

212 1435 382 1522 esemona}
427 1459 454 1498 m
467 1458 536 1499 =c
551 1475 577 1484 -
585 1467 850 1491 --------
863 1466 896 1491 Ν

297 1578 336 1636 30
363 1577 447 1654 gregi
470 1580 567 1636 cetero
583 1579 748 1652 pernentns
771 1579 951 1648 deservirem,
975 1573 979 1660 Ι
1025 1596 1049 1638 e.

422 1680 500 1739 inter
521 1680 602 1758 ipsos
625 1680 817 1740 decurionum
839 1681 1072 1754 quinquennales
1094 1681 1214 1754 cdlepe‘t.
1237 1676 1241 1761 Ι
1266 1696 1290 1738 c.

296 1989 360 2048 Hoc
379 1987 525 2066 florilegio
546 1987 666 2066 copioso
689 1988 890 2064 exemplorum
910 1970 1142 2062 rhythmicorum
1165 1985 1271 2060 adfixo,
1294 1986 1332 2045 ad

211 2089 297 2150 finem
318 2090 532 2150 dissertationis
551 2091 710 2167 progressi,
730 2091 755 2150 si
771 2107 912 2150 summam
928 2108 1028 2150 eorum
1044 2107 1120 2166 quae
1136 2091 1333 2167 exposuimus,

212 2194 446 2271 complectimur,
475 2192 595 2252 facere
621 2210 690 2251 uon
716 2209 914 2269 possumus,
944 2193 1031 2269 quin
1052 2192 1245 2268 Apuleium
1271 2209 1334 2268 per

211 2313 328 2355 omnes
361 2294 694 2373 Metamorphoseon
730 2295 846 2355 libros
883 2296 1177 2372 compositionem
1214 2312 1332 2353 nume·

210 2415 325 2458 rosam
347 2397 543 2474 diligenter
565 2398 723 2457 coluisse
744 2397 987 2457 concedamus.
1017 2397 1164 2456 Idautem
1185 2397 1332 2473 expressis

210 2500 309 2560 verbis
342 2499 502 2558 notandum
535 2503 579 2559 est
608 2501 780 2576 scriptorem
814 2501 1006 2560 licentissime
1036 2499 1185 2576 frequenti
1218 2501 1332 2560 numeri

210 2603 386 2680 repetitione
407 2604 581 2680 plerumque
604 2602 726 2662 abusum
753 2604 920 2680 elegantiae
947 2604 1078 2678 artisque
1106 2603 1251 2663 oratoriae
1273 2606 1331 2662 ter·-

211 2706 305 2765 minos
327 2723 391 2765 esse
414 2709 643 2782 transgressum:
674 2724 741 2763 nem
765 2723 830 2764 eum
860 2705 912 2764 alii
942 2705 1101 2782 scriptores
1133 2705 1252 2764 auribus
1281 2705 1332 2763 vix

211 2808 404 2868 sentientibus
415 2825 552 2867 numeros
563 2808 748 2882 inseruerint,
763 2808 925 2884 Apuleium
937 2809 1055 2868 miuime
1068 2809 1182 2868 cavisse
1196 2807 1332 2880 vidimus,

210 2929 249 2971 ne
269 2909 438 2986 rhythmum
452 2911 546 2990 primo
563 2909 665 2971 auditu
687 2910 877 2988 patefaceret,
900 2914 995 2971 utre
1017 2929 1103 2971 vera
1125 2928 1331 2972 numerosae

211 3014 482 3091 compositionis
502 3005 581 3073 ¹arte
603 3015 782 3090 gloriatus
810 3011 887 3097 esse
909 3012 1082 3073 videatur.
1126 3015 1190 3090 Ego
1214 3014 1332 3090 quidem

211 3119 366 3177 contentus
388 3135 447 3191 ero,
471 3117 496 3176 si
515 3117 553 3176 ad
573 3117 670 3176 studia
685 3113 762 3193 quse
777 3115 814 3176 de
830 3115 958 3176 dictione
973 3116 1140 3192 rhythmica
1152 3111 1331 3193 'scriptorum

210 3223 342 3280 veterum
372 3219 410 3280 ad
438 3219 518 3280 hunc
548 3220 624 3279 diem
651 3219 823 3297 parcissima
850 3217 1011 3297 exstant¹)‚
1040 3220 1097 3280 hae
1124 3221 1331 3292 dissertatione

210 3340 305 3398 pauca
328 3313 490 3383 contulero.
714 3317 716 3322 ’
1337 3317 1339 3323 ’

296 3541 316 3609 ¹)
334 3539 375 3596 er.
393 3539 477 3610 sins,
500 3539 552 3595 sn.
572 3539 598 3594 u.
616 3544 663 3594 nu
682 3539 716 3595 n.
740 3557 767 3609 p.
785 3545 833 3595 ree
855 3515 1084 3596 hasnonense.
1120 3540 1230 3597 uorum
1249 3541 1283 3596 A.
1295 3540 1329 3596 r.

208 3624 294 3694 praef.
311 3641 338 3694 p.
351 3625 427 3681 VIII.
