3218 4918
658 330 869 396 ..(55.ω

291 507 327 564 17
351 507 401 566 An
422 507 542 582 ignoras
565 502 569 588 1
594 507 647 565 boe
668 525 760 581 penus
783 508 891 566 bestiae
915 508 995 567 lucos
1017 510 1144 568 consitos
1168 497 1172 590 Ι

596 613 624 667 et
645 627 747 685 specum
768 611 883 669 rortclos
906 615 934 668 et
954 611 1052 684 fontes
1076 628 1212 670 moeones
1235 645 1276 654 -

289 746 450 805 Membrum
465 773 507 796 =
522 747 533 804 i
548 783 571 791 -
581 773 914 798 ----------

288 868 325 924 21
354 866 418 926 Nee
442 871 539 924 tumere
559 868 655 926 nostrl
675 868 818 926 sermonis
838 866 916 926 artes
938 901 981 911 -
1035 868 1053 926 i.

356 971 461 1044 quippe
484 970 605 1042 quidum
620 987 797 1042 procurrens
820 987 835 1028 e
856 969 942 1028 domo
965 1003 1007 1013 -
1036 971 1054 1028 i.

287 1104 401 1164 Ibidem
415 1107 506 1182 paulo
526 1105 604 1164 infra
625 1123 698 1164 c:
712 1107 738 1164 i:
762 1123 860 1165 casum
880 1124 1023 1182 generoso
1045 1108 1143 1180 cipere
1167 1107 1295 1166 tolerares
1315 1101 1319 1188 Ι

202 1208 329 1282 plevium
350 1209 408 1266 sibl
427 1209 594 1268 reservavit.

289 1312 329 1368 22
355 1309 457 1370 fauces
480 1311 598 1370 diutim
618 1311 700 1386 fame
721 1305 868 1394 suuelusi
940 1329 964 1370 c.

356 1417 385 1472 et
407 1418 582 1473 araneantes
603 1415 735 1473 colereter
757 1432 878 1474 euereeo.
940 1432 964 1473 c.

288 1551 327 1608 23
355 1551 454 1609 i=0
469 1578 734 1602 --------
746 1578 780 1602 Ν

355 1657 513 1728 aegerrime
537 1659 635 1714 tumea
658 1655 823 1729 digrediens
847 1651 851 1736 1

295 1768 296 1772 ’
354 1758 450 1826 rivulo
466 1761 602 1832 prosimu
625 1760 705 1817 sttlm
729 1759 812 1817 leole.

288 1912 303 1953 c
318 1920 360 1945 =
375 1895 385 1952 i
400 1921 459 1946 -υ
468 1923 731 1946 --------
743 1922 777 1947 Ν

354 1998 441 2056 immo
464 1999 606 2072 leodonis
629 2015 701 2058 suae
724 2000 966 2060 maurecenos
990 1995 993 2081 l

353 2103 473 2160 ualeam
494 2103 636 2176 uirginem
657 2102 708 2174 filo
733 2103 883 2162 liberalem
905 2137 947 2146 —

353 2344 451 2398 tamea
473 2343 536 2398 silue
556 2359 641 2399 move
658 2341 814 2414 perederet
836 2335 840 2421 Ι

355 2443 466 2501 scilieet
486 2443 623 2500 idoneum
645 2444 691 2501 sui
713 2443 864 2519 sanguinis
887 2461 909 2501 r.

286 2598 326 2654 26
354 2597 399 2654 llx
421 2596 478 2656 hoc
505 2597 602 2674 capite
629 2599 864 2658 numerosissime
896 2599 1057 2676 composito
1084 2597 1159 2683 haec
1186 2601 1322 2678 exempla

200 2700 290 2758 liceat
314 2699 435 2758 afferre:

353 2801 509 2877 speciosus
532 2802 707 2863 adulescens
729 2807 806 2862 luter
826 2821 896 2864 suos
911 2806 1098 2879 palumbulis
1123 2804 1127 2888 Ι
1155 2823 1179 2865 c.

354 2923 438 2978 quem
458 2906 554 2977 fillum
569 2908 723 2980 publicum
745 2909 839 2966 omnis
862 2907 917 2966 sibi
940 2908 1044 2966 civitas
1066 2943 1109 2950 —
1148 2909 1167 2966 i.

350 3044 460 3101 mundo
482 3045 627 3116 nuptiali
648 3043 818 3103 decenter
840 3044 990 3103 ornabat
1013 3040 1017 3126 l
1148 3045 1166 3103 i.
1180 3062 1203 3103 c.

351 3147 528 3220 mellitisque
549 3148 639 3206 seclis
663 3147 804 3206 crebriter
826 3147 948 3224 ingestis
973 3143 977 3228 l
1149 3149 1167 3207 i.

352 3249 409 3308 iam
433 3267 514 3324 spem
537 3248 593 3308 f.1.
616 3250 705 3308 votis
728 3251 846 3308 anxiis
868 3249 1100 3326 propagabat.
1151 3269 1174 3309 o.

351 3404 412 3444 acre
434 3389 525 3458 caedi,
546 3405 607 3446 aon
628 3389 753 3462 raptaue
773 3405 881 3447 munus
904 3386 1042 3446 adierunt
1063 3382 1067 3469 Ι
1148 3389 1167 3448 i.

351 3490 403 3546 sed
425 3491 513 3549 deuse
536 3491 765 3564 conglobatoque
787 3507 879 3548 cuneo
901 3524 943 3532 -—
1147 3492 1166 3548 i.

274 3625 322 3684 *31
353 3626 431 3683 etin
451 3626 700 3702 pulchritudinem
724 3631 921 3686 contumacem
941 3629 1243 3706 celebrabamus
1266 3624 1270 3709 l
1295 3647 1318 3688 c.

351 3727 441 3803 idque
463 3747 552 3787 unum
575 3734 604 3788 et
625 3748 697 3807 prae
720 3731 854 3790 omnibus
880 3733 999 3790 culeum
1021 3731 1120 3790 voleus
1144 3731 1243 3804 effice:
1267 3726 1271 3812 i
1295 3749 1319 3814 c.

197 3879 399 3890 ...ξω-...η-

284 3980 304 4048 ¹)
329 3980 383 4035 Pro
409 3981 571 4049 „severiter“
602 3981 629 4034 in
653 3981 750 4037 codice
776 3982 877 4052 legitur
903 3984 1087 4046 „reverenter‘
1114 3995 1184 4050 quae
1208 3981 1319 4050 quidem

196 4065 279 4121 lectio
304 4066 338 4121 ab
357 4067 554 4123 Hildebrsndio
577 4066 623 4136 (cf.
642 4067 858 4136 adnotationem)
887 4068 1002 4136 probata
1028 4073 1110 4136 atque
1133 4072 1245 4136 recepta
1269 4073 1318 4122 est.

197 4150 236 4206 At
253 4157 328 4206 recte
346 4153 399 4206 iam
411 4153 538 4208 Brautius
550 4154 628 4208 nixus
642 4153 751 4208 duobus
763 4153 833 4209 locis
844 4152 1004 4222 Apuleianis
1016 4154 1091 4222 (Met.
1105 4153 1132 4206 ll
1142 4158 1172 4206 27
1187 4154 1319 4208 severiter

196 4238 333 4293 vindicato
352 4238 421 4294 1113
439 4239 571 4294 severiter
587 4239 775 4307 vindicaretis)
794 4255 864 4308 quae
890 4239 974 4294 lectio
997 4239 1175 4308 responsione
1193 4245 1319 4294 accurata

196 4323 376 4380 clausularum
395 4325 475 4380 valde
494 4326 706 4381 commendatur.

1115 4432 1129 4484 5
