3218 4918
718 325 759 334 ..
803 285 909 349 2·-

255 459 360 521 cundi
393 479 466 537 quos
500 463 578 521 circa
611 461 754 520 Hadriani
788 467 817 520 et
846 462 1063 521 Antoninorum
1096 464 1230 537 tempora
1263 479 1374 520 summa

254 564 351 639 gloria
381 567 410 622 et
438 564 612 622 auctoritate
642 563 774 621 floruisse
805 563 920 622 scimus.
963 562 1060 638 Legas
1091 563 1180 620 velim
1211 581 1287 638 quae
1317 565 1375 622 iam

254 665 504 743 Kretschmann¹)
533 666 569 724 de
601 666 744 742 exemplis
766 665 943 742 Apuleianis
971 665 1043 723 dicit
1072 665 1198 739 „Eorum
1228 664 1305 742 (scil.
1328 684 1374 725 so·

254 767 416 844 phistarum
450 768 607 844 minorum)
639 768 713 826 ratio
748 785 824 842 quae
854 771 976 826 vocatur
1006 767 1248 842 demonstrativa,
1275 770 1375 836 ,multa

255 870 344 929 habet
371 871 535 930 communia
558 887 623 928 cum
644 871 782 946 Apuleio.
827 871 903 928 Nam
925 870 1036 929 tumida
1059 874 1088 928 et
1109 871 1223 929 lasciva
1246 871 1374 930 dictione

254 971 330 1030 nihil
352 973 409 1030 nisi
431 989 517 1031 aures
539 973 722 1048 permulcere
745 972 910 1045 studebant,
932 973 1031 1030 verbis
1058 973 1188 1048 antiquis
1215 977 1244 1031 et
1265 973 1374 1032 Atticis

254 1075 420 1150 promiscue
450 1093 515 1133 cum
542 1075 650 1150 puerili
681 1075 807 1149 quadam
837 1075 1033 1133 ostentatione
1062 1076 1221 1133 utebantur
1247 1080 1276 1134 et
1297 1093 1375 1134 nova

255 1177 392 1234 licentius
414 1175 565 1253 fingebant
587 1176 625 1234 ad
647 1180 801 1253 poetarum
823 1175 1052 1249 similitudinem,
1075 1194 1135 1236 non
1157 1177 1255 1236 verbis
1271 1179 1374 1250 solum,

255 1297 356 1338 verum
386 1281 474 1338 etiam
502 1283 631 1339 numeris
660 1279 877 1356 adspirahant.“
924 1280 1026 1356 Atque
1055 1284 1100 1339 sat
1130 1284 1174 1339 est
1196 1299 1375 1356 cognoscere

255 1400 292 1440 ex
313 1400 421 1458 magno
443 1383 560 1441 testium
580 1400 700 1442 numero
720 1383 811 1442 verba
826 1381 970 1442 Ludovici
990 1383 1245 1460 Friedlaenderit)
1269 1384 1375 1458 quibus
1486 1377 1489 1382 ’

254 1485 366 1562 Apulei
387 1485 463 1544 ratio
487 1485 604 1544 concise
626 1486 805 1548 illustratur:
839 1486 1003 1561 ,Apuleius
1100 1485 1152 1543 hat
1174 1503 1206 1544 es
1229 1485 1375 1562 geradezu

255 1605 291 1646 zu
313 1589 410 1646 seiner
429 1587 675 1664 Lebensauigabo
697 1587 841 1664 gemacht,
864 1588 895 1645 in
917 1587 970 1646 der
984 1589 1082 1646 Kunst
1105 1587 1157 1646 der
1178 1587 1375 1647 lateinischen

254 1691 347 1748 Prosa
368 1690 504 1748 dasselbe
526 1708 563 1748 au
585 1691 693 1748 loisten
715 1691 769 1748 wie
792 1690 840 1748 die
855 1689 1013 1766 Sophisten
1035 1690 1067 1747 in
1089 1689 1141 1748 der
1161 1690 1374 1766 griechischen.

255 1791 343 1851 Anch
365 1793 428 1850 sein
450 1791 633 1868 Hauptuerk
656 1792 725 1868 (Die
747 1791 1016 1869 Metamorphosen)
1038 1792 1077 1850 ist
1099 1792 1147 1850 ein
1170 1793 1376 1865 sopitistisches

256 1893 369 1954 Schult-
398 1895 461 1953 oud
488 1895 691 1953 Pruothstttclc:
725 1893 801 1953 auch
833 1893 898 1952 hier
931 1912 991 1952 war
1021 1894 1068 1952 die
1098 1894 1293 1970 Darstelluug
1324 1893 1376 1952 der·

209 2017 212 2026 ¹
256 1995 370 2069 Zweck,
393 1996 445 2054 der
468 1995 657 2072 Gegenstand
679 2014 733 2055 nur
756 1996 809 2054 das
831 1997 954 2054 Mittel.“

341 2100 470 2157 Revera
492 2100 613 2157 mirum
635 2103 702 2171 est,
725 2102 857 2174 quanta
880 2097 1075 2174 diligentia
1097 2098 1252 2174 scriptor
1274 2099 1375 2174 leges

256 2202 475 2276 regulasque
508 2218 595 2275 quae
626 2201 804 2277 locupleti
842 2201 998 2259 orationi
1035 2199 1196 2276 pedestri
1225 2200 1266 2258 ab
1297 2201 1375 2259 illis

257 2302 431 2378 sophistis
454 2302 601 2363 Graecis
622 2302 975 2378 praescribebantur,
1008 2305 1150 2360 secutus
1177 2302 1235 2374 sit,
1265 2303 1376 2378 quippe

258 2405 309 2480 qui
331 2404 362 2462 id
383 2405 525 2481 imprimis
547 2406 741 2480 postularent,
763 2407 795 2463 ut
818 2421 912 2463 sermo
936 2406 1049 2463 solutus

412 2559 438 2616 l.
471 2559 561 2618 variis
583 2557 685 2634 figuris
707 2558 862 2617 rhetoricis
885 2561 1043 2617 exornatus
1066 2561 1143 2617 esset

412 2663 439 2718 2.
473 2660 594 2718 dictioni
615 2661 750 2736 poeticae
773 2661 957 2734 aliquantum
980 2661 1084 2718 similis
1107 2663 1184 2718 esset

411 2763 438 2820 3.
470 2779 643 2821 numerosus
665 2761 783 2839 esset.³)

259 2932 441 3008 Quamquam
471 2936 568 2990 autem
590 2933 660 2990 illas
683 2933 766 3008 leges
789 2933 931 2992 oratorias
954 2936 1172 3008 praeceptaque
1194 2932 1376 3008 potissimum

259 3035 455 3112 sophistarum
481 3035 518 3093 ab
541 3035 670 3112 Apuleio
694 3039 811 3094 servata
834 3052 898 3094 esse
921 3035 1069 3111 philologi
1091 3037 1274 3110 agnoverunt
1296 3033 1376 3092 ideo·

259 3155 315 3213 que
346 3139 383 3197 ad
411 3139 511 3215 priora
540 3139 690 3214 postulata
721 3137 947 3196 demonstranda
976 3138 1057 3196 vario
1090 3137 1176 3195 modo
1204 3141 1377 3214 apparatum

258 3240 436 3300 rhetoricum
458 3240 608 3316 scriptoris
632 3239 923 3317 adumbraverunt,⁴)
946 3243 1044 3298 tamen
1066 3239 1238 3298 neminem
1261 3257 1377 3298 eorum

345 3494 367 3558 ¹)
388 3491 420 3545 In
438 3491 628 3546 dhsematione
646 3491 863 3561 Regiomontana
880 3506 903 3545 a.
919 3494 983 3546 1889
1002 3490 1046 3544 cul
1062 3489 1199 3558 inscripsit
1217 3490 1274 3558 „De
1292 3489 1379 3544 latini·

258 3581 315 3632 tate
332 3578 362 3631 L.
374 3577 475 3646 Apulei
492 3577 702 3646 Madaurensis“,
720 3593 747 3646 p.
761 3583 784 3630 7.

343 3663 366 3732 ²)
384 3661 594 3732 Darstellungen
611 3677 661 3720 aus
679 3663 728 3718 der
745 3660 993 3731 Sittengeschichte
1011 3662 1097 3718 Rome
1115 3659 1165 3729 111,
1184 3678 1211 3730 p.
1224 3665 1282 3716 419.

344 3748 366 3816 ³)
384 3747 494 3802 Norden
512 3745 545 3800 A.
559 3747 593 3800 K.
611 3764 637 3816 p.
651 3752 691 3800 50.

344 3833 366 3902 ⁴)
389 3831 499 3902 Koaiol,
518 3832 574 3886 Der
591 3831 642 3886 stil
660 3831 710 3886 des
728 3829 875 3900 Apuleius,
893 3830 1013 3886 Vindob.
1035 3835 1112 3896 1872,
1136 3830 1334 3886 Kretschmanu
1352 3830 1379 3882 in

258 3918 276 3971 l.
289 3934 325 3986 c.;
343 3918 434 3976 Ioann.
447 3917 598 3986 Piechotta,
617 3916 704 3971 Curae
721 3917 899 3986 Apuleiauae‚
917 3916 1156 3985 Vratialav.18723
1176 3915 1235 3970 Ohr.
1249 3915 1379 3984 Cavallin,

260 4004 302 4058 De
317 4004 346 4056 L.
360 4003 487 4072 Apuleio,
509 4007 585 4066 1857;
604 4001 633 4056 0.
646 4003 791 4070 Erdmann,
810 4002 852 4055 De
865 4002 894 4055 L.
907 3999 1009 4069 Apulei
1021 4001 1092 4055 Mad.
1106 4001 1268 4070 elocutione,
1286 4002 1379 4068 Progr.

259 4087 372 4144 Steudal
392 4093 469 4153 lace
492 4088 527 4142 K.
539 4086 610 4153 Sittl,
629 4087 680 4142 Diu
698 4087 808 4142 lokulen
826 4086 1105 4142 Versohiedenheiten
1122 4086 1171 4141 dor
1188 4086 1233 4140 lat
1252 4084 1379 4154 Sprache,

259 4173 397 4242 Erlangen
423 4177 497 4240 1882;
522 4171 689 4242 Volkmann,
711 4171 847 4226 Rhetorik
865 4171 915 4225 der
932 4170 1068 4225 Griecheu
1085 4187 1111 4224 u.
1129 4171 1242 4236 Romen
1270 4168 1380 4223 Norden

259 4257 287 4311 in
304 4257 321 4310 1.
340 4272 362 4310 c.
