3218 4918
628 326 839 386 „49-

105 483 109 488 ⁵
176 503 227 560 aut
242 499 332 559 facile
349 499 540 576 corrigantur.
550 499 573 576 ¹)
610 498 806 570 Quamobrem
821 499 958 558 nonnulli
973 499 1029 557 viri
1045 498 1132 572 docti,
1154 499 1295 576 imprimis

175 603 255 662 Frid.
270 604 356 662 Blass
378 603 409 660 in
431 602 598 661 novissimis
621 601 799 661 editionibus
822 605 969 661 oratorum
992 601 1183 675 Graecorum,
1211 604 1295 661 velut

175 706 320 782 Lycurgi,
350 708 411 763 tum
441 705 473 762 in
502 704 704 763 recentissima
733 703 861 762 editione
892 704 1038 780 epistulae
1068 704 1107 762 ad
1135 705 1296 777 Hebraeos,

176 807 352 867 elocutionis
384 824 557 866 numerosae
591 806 749 883 diligenter
779 807 922 866 rationem
955 806 1129 868 habuerunt.
1183 807 1297 865 Tamen

176 912 208 968 in
236 910 293 969 hac
318 927 351 970 re
378 909 572 969 cavendum
595 913 661 983 est,
690 926 732 967 ne
754 927 897 969 numero
919 909 1023 968 nimis
1044 909 1296 987 indulgeamus

175 1031 251 1072 neve
273 1013 305 1071 in
327 1030 362 1072 eo
385 1012 554 1088 quaerendo
577 1011 615 1070 ad
636 1011 757 1069 nimium
778 1011 1009 1088 progrediamur,
1032 1030 1097 1072 cum
1112 1030 1171 1072 non
1186 1013 1296 1089 ubique

175 1118 266 1193 plane
296 1115 482 1174 manifestum
512 1115 550 1174 sit
579 1132 637 1190 quo
667 1115 735 1173 loeo
766 1115 892 1190 scriptor
920 1132 1040 1174 numero
1070 1115 1215 1174 studuerit
1238 1133 1295 1191 quo

176 1237 244 1278 non.
288 1205 402 1295 Nempe
428 1217 705 1294 Metamorphoseon
734 1217 845 1293 singuli
872 1216 942 1275 libri
970 1220 1021 1276 aut
1050 1219 1168 1294 singula
1198 1218 1297 1294 capita

176 1339 237 1380 non
270 1321 336 1396 pari
372 1321 458 1379 modo
492 1321 620 1397 speciem
653 1319 849 1394 rhythmicam
881 1320 1025 1396 praebent
1057 1337 1145 1396 quam
1178 1320 1297 1396 quidem

178 1424 291 1499 Apulei
314 1423 542 1482 variabilitatem
565 1425 654 1498 atque
676 1423 903 1481 inconstantiam
925 1423 982 1480 iam
998 1422 1298 1499 animadvertimus²>

177 1524 407 1602 Quantopere
428 1543 512 1583 vero
535 1541 720 1583 numerosa
735 1523 1068 1600 Metamorphoseon
1084 1525 1296 1601 compositio

177 1629 247 1686 arti
263 1628 416 1689 criticae
431 1644 639 1686 succurrere
654 1627 781 1704 possit,
801 1645 842 1685 ex
856 1628 978 1686 multis
993 1627 1086 1686 locis
1101 1628 1296 1703 intellege·

177 1748 250 1789 mus
280 1747 365 1806 quos
388 1729 551 1803 rhythmo
580 1728 744 1788 adiutore
772 1730 1043 1803 aconieoturis,
1072 1731 1297 1806 potissimum

177 1833 392 1904 Vlietianis,
414 1835 475 1890 aut
497 1831 692 1890 defendere
714 1835 773 1890 aut
795 1831 982 1890 emendare
1004 1833 1184 1908 temptavi.

261 1934 356 1994 Aliud
385 1952 503 2010 quoque
533 1937 577 1994 est
608 1933 687 2009 quod
717 1951 753 1992 ex
783 1934 911 1993 dictione
940 1952 1097 1994 numerosa
1126 1935 1239 1994 discere
1262 1953 1297 1994 ac

177 2038 321 2115 preficere
354 2037 456 2095 liceat:
490 2054 596 2113 saepe
629 2037 733 2110 enim,
765 2036 827 2095 ubi
860 2037 903 2096 ob
933 2054 1052 2113 parem
1082 2038 1297 2114 scripturam

177 2146 314 2216 tempus
345 2140 540 2222 formarum
566 2138 781 2215 quarundam
811 2140 1008 2198 verbalium
1039 2140 1132 2199 haud
1154 2141 1296 2199 concise

178 2243 368 2302 dinoscere
395 2260 594 2319 possumus,
623 2259 786 2301 numerus
816 2243 918 2301 nobis
945 2243 1106 2302 subsidio
1133 2245 1197 2302 est:
1228 2260 1297 2301 con·

177 2346 256 2405 ieras
288 2346 378 2404 velim
412 2363 487 2421 quae
520 2347 578 2403 iam
607 2345 812 2422 Bornecquel)
846 2343 883 2404 de
916 2344 973 2404 hoc
1005 2363 1111 2422 magno
1145 2345 1296 2406 commodo

177 2449 303 2507 notavit:
336 2448 398 2523 „La
427 2465 515 2524 prose
542 2447 686 2522 metuique
711 2450 783 2523 peut
805 2446 887 2506 aider
909 2448 989 2506 aussi
1011 2449 1029 2506 a
1050 2449 1297 2524 l'interpretation

99 2549 102 2554 “
181 2550 221 2609 du
242 2553 330 2609 texte.
373 2550 442 2609 Elle
464 2552 624 2626 permettra
647 2552 771 2608 scuvent
793 2548 830 2607 de
853 2548 1016 2626 distinguer
1038 2569 1066 2626 p.
1082 2567 1107 2608 e.
1128 2551 1173 2609 les
1188 2549 1297 2610 formes

179 2649 390 2728 ‘consequere'
420 2652 459 2711 du
487 2654 607 2729 present
636 2655 666 2710 et
694 2653 908 2728 ‘consequere’
938 2652 978 2711 du
1005 2651 1099 2726 futur,
1128 2649 1241 2714 ‘venit'
1268 2657 1298 2712 et

180 2755 292 2813 ‘venit'
315 2757 387 2814 etc.“
805 2775 806 2778 ¹

268 2855 350 2927 Quae
372 2875 418 2917 res
441 2857 487 2916 his
509 2858 584 2917 locis
607 2857 883 2934 Metamorphoseon
905 2858 1058 2935 probetur:

264 2958 329 3017 113
352 2976 416 3018 cum
438 2959 593 3036 pareehcsi
618 2958 793 3034 „admodum
815 2959 917 3018 —ad
940 2960 1086 3018 domum“.

329 3079 433 3155 paucis
457 3079 616 3138 ednodnnn
639 3079 779 3153 confectis
794 3079 937 3152 passibas
961 3082 965 3159 Ι

331 3181 372 3240 cd
394 3181 511 3240 donnn
531 3181 726 3256 Byrrhaenae
740 3183 936 3254 pervenimus.

177 3283 227 3341 ubi
250 3301 267 3342 c
281 3309 324 3334 =
338 3283 349 3341 i
370 3317 395 3325 -
404 3309 693 3342 ---------

262 3420 362 3479 11116
386 3424 527 3480 nontam
550 3439 587 3480 ex
610 3419 815 3480 conformitate
837 3421 977 3498 temporis
1000 3421 1130 3480 verbalis
1153 3439 1240 3496 quam
1261 3439 1298 3480 ex

178 3515 378 3581 clausularum
408 3524 485 3583 inter
514 3542 545 3583 se
575 3525 767 3600 responsione
792 3525 864 3583 licet
887 3523 1064 3583 concludere
1086 3523 1209 3582 formam
1235 3525 1297 3599 „in-

176 3625 277 3682 venit“
303 3623 449 3684 hocloco
472 3644 536 3686 esse
559 3626 783 3686 adscribendam
805 3627 962 3703 praesenti,
985 3645 1045 3686 non
1067 3626 1212 3702 perlecto:

330 3745 376 3788 me
475 3731 662 3804 colligentem
686 3733 786 3788 tonsor
806 3731 920 3790 incenit
1034 3807 1231 3830 ------
1243 3806 1276 3832 Ν

331 3835 360 3891 et
382 3877 431 3892 ...
454 3832 606 3909 adreptam
628 3833 817 3892 inclementer
836 3833 977 3905 innepet.

177 3965 379 3977 ——-—...-

264 4049 284 4117 ¹)
303 4049 393 4106 flavet
410 4051 427 4105 l.
440 4067 463 4106 e.
480 4068 508 4120 p.
518 4055 550 4104 33
575 4051 631 4120 „La
647 4049 781 4120 metuique
805 4049 840 4104 de
858 4049 885 4104 la
901 4065 984 4119 prose
1006 4053 1111 4120 peruret
1128 4053 1245 4104 scuvent
1262 4049 1298 4103 de

177 4133 306 4202 critiquer
323 4135 350 4189 la
367 4136 492 4205 critique,
515 4136 550 4190 de
567 4135 639 4205 plus,
658 4135 712 4190 elle
729 4139 798 4205 peut
815 4133 921 4191 revelet
939 4135 989 4190 des
1007 4135 1096 4190 fantes
1114 4135 1297 4206 inapereues.“

209 4227 211 4234 ’
262 4222 272 4254 2

262 4220 285 4376 ’ζ
302 4225 389 4361 {aiga
407 4305 540 4376 mittique
559 4307 594 4361 de
612 4307 638 4361 la
656 4321 773 4376 corresp.
792 4307 828 4362 de
846 4307 900 4362 Cic.
920 4307 998 4378 §415
1016 4322 1042 4376 p.
1053 4310 1111 4360 205.

1095 4414 1111 4464 4
