3218 4918
365 1354 436 1436 De
468 1351 648 1454 Apulei
679 1349 902 1434 dictione
933 1349 1143 1452 poetica.

279 1539 324 1597 De
352 1539 438 1597 Lucii
465 1539 577 1614 Apulei
600 1537 802 1595 Madaurensis
831 1537 945 1595 ratione
975 1535 1123 1594 scribendi
1153 1553 1246 1610 nsque
1275 1534 1313 1592 ad

193 1641 271 1700 huno
302 1641 378 1698 diem
408 1642 479 1699 satis
502 1641 595 1698 multa
618 1640 727 1715 scripta
751 1643 879 1712 exstant,
910 1642 939 1696 et
960 1639 1043 1696 varia
1065 1637 1174 1696 iudicia
1196 1639 1314 1713 prolata

194 1745 261 1800 sunt
282 1759 357 1818 quae
378 1742 443 1800 fuse
458 1759 633 1818 percensere
649 1758 807 1816 eorumque
824 1740 1035 1799 dissensionem
1051 1740 1169 1816 copiose
1186 1742 1313 1798 statuere

195 1843 244 1902 hic
267 1861 363 1902 meum
386 1861 450 1902 esse
472 1862 532 1902 non
554 1847 659 1919 potest,
682 1861 719 1901 ne
739 1842 932 1919 impediamur
948 1843 1155 1902 controversiis
1170 1842 1314 1900 futilibus.

279 1946 347 2005 Sive
362 1947 451 2023 igitur
467 1947 549 2005 illius
565 1947 693 2005 elocutio
710 1946 838 2018 effertur,
858 1949 891 2004 ut
905 1945 1019 2003 faciunt
1034 1944 1095 2016 alii,
1115 1945 1234 2003 summis
1249 1946 1313 2002 lau·
1360 2019 1364 2028 ι

195 2047 288 2122 dibus,
312 2050 382 2123 sive,
405 2054 437 2108 ut
452 2050 513 2122 alii,
535 2051 696 2124 castigatur
711 2049 892 2124 gravissimis
907 2048 1180 2123 vituperationibus,
1199 2049 1236 2105 in
1250 2047 1315 2106 hoc

193 2169 260 2211 uno
283 2151 360 2211 iere
384 2169 502 2211 omnes
525 2152 596 2210 viri
620 2151 717 2210 docti
740 2152 833 2209 inter
856 2168 891 2209 se
915 2151 1120 2209 consentire
1139 2149 1315 2223 videntur,

195 2254 287 2329 quod
308 2255 498 2331 Apuleium
527 2255 704 2330 insignem
734 2253 913 2312 artificem
942 2257 975 2311 et
997 2252 1141 2312 dicendi
1169 2256 1203 2311 et
1226 2253 1314 2312 scri-

194 2356 300 2415 bendi
322 2356 435 2415 luisse
459 2355 679 2415 contendunt
701 2357 752 2430 qui
773 2356 877 2432 lingua
891 2355 998 2412 Latina
1013 2354 1185 2430 Graecaque
1204 2356 1315 2431 pariter

195 2458 322 2517 disertus
342 2461 371 2516 et
393 2474 508 2533 semper
523 2449 729 2538 λαμπρότητι
746 2457 882 2515 dictionis
897 2456 1053 2530 studiosus,
1076 2459 1194 2516 anullo
1210 2459 1315 2516 ornatu

195 2559 323 2617 oratorio
346 2559 554 2634 temperaverit
576 2557 702 2634 ideoque
725 2576 825 2618 omnes
847 2558 956 2634 figuras
978 2559 1141 2618 rhetoricas
1167 2560 1314 2618 cumulate

196 2661 385 2737 congesserit.
422 2661 526 2736 ltaque
541 2660 696 2720 Eduardus
712 2661 834 2720 Norden
852 2661 884 2718 in
899 2661 975 2720 libro
996 2663 1115 2738 egregio
1136 2663 1183 2720 cui
1198 2663 1316 2720 titulum

196 2764 346 2840 inscripsit
371 2764 445 2837 „Die
468 2762 569 2822 antike
591 2764 795 2840 Kunstprosa“
810 2763 833 2840 ¹)
859 2764 945 2822 illurn
967 2764 1139 2840 scriptorem
1161 2764 1240 2823 haud
1262 2765 1315 2822 im·

195 2867 298 2925 merito
321 2867 488 2943 appellavit
511 2866 586 2940 „den
601 2867 798 2925 virtuosesten
809 2866 1039 2942 Wortjongleur,
1063 2866 1121 2925 den
1136 2883 1167 2926 es
1182 2867 1316 2942 gegeben

194 2969 263 3028 hat“
296 3003 338 3012 —
368 2966 609 3049 λογοδαίδαλος
633 2967 745 3028 Graece
766 2969 961 3028 nominandus
985 2971 1022 3028 sit
1051 3003 1092 3012 -
1122 2989 1201 3027 nam:
1235 2969 1317 3044 „hier

194 3075 280 3148 paart
302 3071 366 3131 sich
388 3072 441 3129 mit
463 3071 528 3129 dem
551 3071 850 3148 ungeheuerlichsten
865 3071 1012 3130 Schwulst
1033 3072 1081 3152 die
1103 3071 1315 3131 affektierteste

194 3173 399 3233 Zierliohkeit:
421 3175 674 3247 Allitterationen,
690 3175 878 3250 Wortspiele‚
901 3173 1101 3250 abgezirkelte
1117 3174 1316 3234 Satzteilchen

193 3278 246 3336 mit
258 3280 434 3354 genauester
444 3277 683 3352 Korresponsion
694 3277 739 3335 bis
752 3276 803 3334 auf
815 3275 862 3334 die
873 3275 1044 3335 Silbenzahl
1055 3277 1116 3335 und
1125 3276 1316 3353 klingendem

195 3379 396 3455 Gleichklang
419 3397 465 3437 am
481 3379 629 3456 Ende“‚2)
651 3397 738 3454 quam
761 3380 936 3437 sententiam
959 3397 995 3437 ex
1017 3398 1123 3457 magno
1142 3381 1317 3439 iudiciorum

194 3499 316 3540 numero
340 3482 468 3540 libenter
490 3481 595 3554 affero,
619 3482 728 3558 qnippe
752 3499 827 3556 quae
850 3482 887 3540 ab
911 3499 945 3540 eo
969 3483 1006 3541 sit
1027 3485 1145 3559 prolata
1168 3474 1218 3558 q'ni
1240 3483 1317 3541 inter

195 3583 274 3641 viros
304 3583 488 3643 doctissimos
519 3582 625 3643 aetatis
652 3588 770 3643 nostrae
793 3584 897 3642 studiis
920 3586 1055 3644 oratoriis
1077 3585 1209 3644 veterum
1231 3603 1315 3662 prae-

196 3685 311 3760 cipuam
341 3703 460 3762 operam
483 3686 565 3744 dedit
588 3687 670 3744 etin
693 3704 782 3763 opere
805 3704 857 3745 suo
880 3689 972 3745 multa
996 3688 1156 3764 congessit,
1185 3687 1263 3746 unde
1285 3687 1316 3744 in

195 3787 251 3846 hac
274 3787 480 3846 dissertatione
502 3789 689 3865 proiecimus.

281 3890 343 3948 lam
365 3893 434 3948 ante
450 3889 678 3966 disputationem
693 3894 860 3951 accuratam
876 3909 1071 3969 sagacemque
1086 3891 1218 3951 Nordeni
1234 3909 1316 3950 con-

195 3992 313 4051 stabat
339 3992 531 4068 Apuleium
560 3993 679 4052 studia
708 3993 892 4052 rhetorica
922 4011 1023 4068 quam
1052 3993 1315 4054 studiosissime

193 4095 326 4154 fecisse
360 4095 396 4152 in
429 4093 594 4152 officinis
628 4095 870 4172 sophistarum
903 4095 1115 4155 Graecorum
1148 4097 1228 4155 aevi
1262 4114 1315 4155 se-

297 4279 317 4346 1)
335 4297 361 4352 p.
375 4282 432 4333 60⁰.
589 4278 610 4347 ²)
628 4295 654 4348 p.
668 4282 725 4332 601.

1115 4383 1127 4436 1
