3218 4918
763 302 976 362 -62-

845 474 898 533 111.

395 595 414 652 3
429 593 533 652 Liceat
548 592 654 652 afferre
669 595 752 653 locos
768 592 909 668 quosdam
923 595 973 668 qui
988 611 1172 653 numerosam
1190 596 1438 672 compositionem
1462 669 1465 678 .

310 697 416 772 capitis
445 697 525 754 tertii
555 695 686 754 dilucide
708 697 870 754 illustrent:
901 694 950 754 hic
973 697 1050 755 enim
1073 699 1175 755 contra
1198 697 1321 756 Lucium
1343 715 1437 758 accu-

310 803 389 858 sator
412 798 531 874 quidam
553 799 690 875 publicus
714 798 886 876 exsurgit.¹)

393 902 496 974 Neque
522 920 622 980 porro
646 919 693 961 res
724 919 759 960 oe
778 902 941 978 praecipue
962 919 1066 978 pacem
1090 902 1217 961 civitatis
1239 903 1402 979 respiciens
1430 898 1435 986 Ι

310 1007 339 1064 et
376 1005 511 1081 exemplo
549 1005 625 1064 serio
657 1005 822 1079 profutara
856 1008 1012 1074 tractator,
1048 998 1051 1086 Ι
1084 1003 1213 1075 Quirites
1246 1007 1437 1065 sanctissimi.

307 1107 332 1184 (i
347 1133 389 1157 z
405 1125 420 1166 c
446 1133 480 1158 ω
493 1134 656 1158 υ-υ--
669 1107 718 1184 ω)
748 1105 845 1177 Quare
870 1109 967 1182 mopis
990 1109 1125 1181 cooprait
1147 1101 1151 1189 Ι
1175 1109 1276 1167 sedato
1298 1109 1438 1182 siccatos

309 1213 398 1286 atque
427 1210 581 1268 universos
611 1227 664 1268 vos
686 1227 740 1286 pro
773 1208 917 1286 dignitate
939 1209 1060 1285 publica
1082 1209 1252 1292 providere,
1283 1207 1287 1291 Ι
1319 1228 1357 1269 ne
1380 1229 1436 1270 ne-

308 1312 401 1371 farius
435 1311 614 1371 homicida
645 1307 649 1392 Ι
681 1314 725 1370 tot
755 1311 888 1372 caedium
918 1313 1109 1385 lanienam,
1144 1307 1148 1393 Ι
1179 1331 1267 1389 quam
1300 1318 1440 1372 oaeater

311 1417 444 1485 eoer'aoit,
468 1409 471 1496 Ι
495 1417 613 1488 inperce
636 1414 850 1492 commiserit.²)

393 1518 487 1576 Paulo
510 1516 589 1575 inira
610 1516 667 1605 hoc
690 1517 857 1592 exemplum
880 1518 993 1576 numeri
1015 1517 1154 1594 legimus:
1187 1543 1220 1568 ω
1234 1545 1438 1569 sav-w-

308 1629 414 1654 --Ν

463 1687 644 1746 conscientia
665 1689 740 1747 tanti
762 1689 907 1762 foenoris
928 1690 1031 1746 meato
1047 1692 1200 1762 porroctas
1223 1683 1227 1769 Ι
1273 1706 1297 1746 c.

373 1789 374 1792 ’
538 1791 570 1847 in
592 1789 708 1850 domum
732 1809 779 1867 qu.
796 1792 949 1865 praesidio
974 1792 1156 1850 teoebrorreoc
1179 1791 1304 1864 elapsae.
1349 1808 1374 1849 c.

396 1909 509 1968 Ibidem
531 1911 542 1967 i
558 1936 599 1960 =
614 1911 733 1969 membr.
754 1946 780 1953 -
789 1937 1019 1960 -------
1032 1937 1065 1961 ω

462 2014 496 2070 iri
518 2014 636 2072 dorcam
658 2014 810 2086 quondam
826 2013 979 2086 praesidio
1002 2045 1044 2056 -

457 2119 607 2189 perpetem
628 2119 742 2174 reoctero
765 2115 888 2174 delituit.

353 2237 371 2295 5
394 2234 445 2296 Sic
466 2237 544 2295 salci
564 2237 736 2306 recedemus,
761 2229 765 2316 Ι
1133 2251 1147 2327 Ι
1176 2229 1285 2284 membr.

394 2340 421 2398 si
439 2340 555 2398 solvero
569 2340 601 2396 iri
617 2339 701 2397 dorio
716 2339 862 2396 acerinam
876 2337 1124 2414 reliquerimus)
1134 2327 1143 2398 Ι
1175 2321 1201 2404 i-
1210 2313 1373 2336 -----
1386 2315 1424 2338 ω

420 2460 438 2516 6
463 2463 542 2516 certo
562 2476 654 2516 orooro
669 2475 843 2531 parassem
864 2451 893 2549 ΙΙ
924 2457 1042 2515 membr.

461 2561 589 2634 feliciter
603 2565 769 2634 prosterno.
881 2549 889 2617 Ι
923 2559 1041 2618 membr.

420 2682 437 2737 7
461 2681 522 2739 risu
545 2680 744 2740 cacbiorrobiii
766 2679 948 2752 diffluebant.
966 2676 995 2841 ΙΙ
1025 2695 1048 2736 c.

461 2783 524 2840 risa
544 2783 672 2840 maciaco
696 2782 878 2840 dissolutorie.
1025 2799 1048 2839 c.

418 2901 438 2958 8
461 2901 536 2960 Post
557 2901 626 2959 baec
647 2903 841 2975 orooistratas
864 2902 914 2976 qui
936 2904 1008 2960 nata
1029 2903 1127 2961 rooior
1148 2902 1285 2975 adseruit
1306 2904 1334 2960 ct
1349 2947 1356 2959 .
1373 2947 1404 2960 ..

462 3005 541 3077 qood
561 3005 636 3064 serio
658 3005 869 3064 oiodicoodura
891 3008 942 3074 est,
966 2999 970 3084 Ι
995 3004 1113 3064 membr.

460 3124 516 3166 nec
538 3107 602 3184 ipse
625 3109 676 3183 qui
700 3109 847 3166 commisit
860 3111 964 3181 potest
985 3107 1115 3181 diffiteri.
1160 3124 1184 3167 o.

397 3227 435 3284 14
457 3227 549 3284 i=i
570 3254 835 3276 --------
857 3252 1066 3276 -υ--υω
1090 3223 1113 3290 4)

462 3331 540 3388 oratii
560 3349 606 3388 roe
621 3349 747 3404 prorsas
770 3348 805 3388 oc
826 3226 863 3388 ab
888 3329 952 3406 triti
972 3226 1087 3403 occider}
1105 3332 1164 3404 episi
1179 3331 1362 3390 adseveranti
1377 3332 1435 3409 —)

462 3434 541 3506 qood
567 3437 598 3490 to
621 3435 777 3506 qoieqooro
797 3435 830 3490 ire
851 3450 947 3491 rocam
969 3431 1154 3510 coodtooeris
1170 3429 1353 3511 parietem).

395 3601 416 3665 ¹)
435 3598 576 3653 Orationes
586 3597 709 3654 forenses
722 3613 756 3652 cx
768 3599 950 3667 sophistarum
965 3597 1163 3654 consuetudine
1177 3615 1257 3669 quam
1270 3598 1434 3654 numerosis·

309 3684 376 3740 sime
394 3683 555 3753 plerumque
577 3683 707 3738 formatas
726 3699 788 3738 esse
806 3685 1002 3739 satis'ccnstet
1024 3684 1100 3740 cuius
1117 3685 1156 3740 rei
1173 3685 1276 3754 Apulei
1293 3684 1435 3754 Apologia

308 3771 388 3825 testis
406 3769 534 3839 egregius
554 3774 609 3824 est:
633 3770 796 3838 scriptorem
816 3770 887 3824 enim
904 3771 993 3840 ipsum
1011 3785 1115 3826 summa
1140 3787 1202 3826 cum
1220 3771 1301 3826 laude
1325 3771 1353 3824 in
1370 3770 1433 3825 foro

308 3860 445 3911 versatum
464 3871 525 3910 esse
543 3855 597 3909 iam
615 3871 695 3924 supra
712 3860 781 3924 plo
800 3857 1018 3911 commemoravi.

394 3943 416 4007 1)
434 3940 552 4010 Respice
571 3941 775 4010 quadruplicem
793 3942 983 4011 repetitionem
1002 3942 1139 3998 clausulae
1157 3941 1311 3997 bicrcticae.

394 4028 415 4096 ⁸)
435 4027 487 4080 Hic
500 4027 681 4082 annominatio
694 4043 774 4095 quam
786 4043 925 4097 vocamus,
943 4045 1054 4084 numero
1067 4027 1186 4098 quodam
1198 4028 1281 4082 modo
1294 4027 1432 4083 subvenit.

307 4111 372 4167 Alia
389 4111 514 4181 exempla
532 4112 668 4167 eiusmodi
687 4111 722 4166 ci.
740 4129 767 4180 p.
778 4117 811 4167 36
821 4129 863 4182 sq.

394 4197 415 4266 ¹)
434 4198 566 4268 ansque
589 4197 694 4252 numeri
717 4213 825 4253 cursum
849 4197 1001 4252 extendere
1023 4197 1087 4251 licet
1109 4199 1201 4265 (quem
1225 4199 1302 4252 uncis
1319 4197 1431 4269 seclusi)

309 4282 457 4338 dnmmodo
477 4283 563 4352 „obr‘
584 4299 617 4338 cx
635 4287 777 4353 poetarum
795 4299 870 4339 more
887 4283 1017 4353 legamus.

809 4560 977 4639 f—

619 4666 687 4720 A
