3218 4918
675 341 865 397 ..9.-

211 510 315 568 iambis
345 527 428 568 usum
451 511 573 569 Italicis.
596 544 598 549 ·
618 510 663 568 Ex
693 511 798 586 quibus
828 512 892 586 ipse
914 528 1017 570 versus
1041 510 1182 586 quosdam
1205 512 1335 570 servavit

212 614 243 670 in
266 613 431 688 apologia.“
445 611 466 690 ¹)

298 713 388 788 Quid,
419 714 499 790 quod
528 715 587 772 iam
616 715 746 792 priorum
776 717 961 775 saeoulorum
991 716 1047 774 viri
1074 715 1154 774 dooti
1177 715 1334 775 diotionem

211 817 410 893 Apuleianam
447 835 666 892 nonnumquam
703 835 795 893 usque
833 817 871 876 ad
904 834 1006 876 versus
1039 818 1219 894 processisse
1252 821 1333 877 reolo

213 922 428 996 cognoverunt,
461 920 548 977 immo
581 920 692 996 passim
725 937 827 979 versus
861 921 1003 996 suspicati
1036 923 1104 979 sunt
1135 923 1224 996 atque
1254 921 1334 997 typis

212 1025 433 1099 expresserunt,
468 1021 518 1080 ubi
547 1039 579 1080 re
610 1039 682 1080 vera
711 1040 771 1080 non
798 1021 900 1080 erant?
951 1023 1052 1081 Veluti
1083 1022 1120 1080 de
1150 1023 1234 1081 initio
1265 1022 1335 1080 libri

212 1125 299 1201 primi
314 1123 591 1199 Metamorphoseon
612 1124 643 1181 in
665 1123 851 1199 praefatione
874 1125 1011 1183 editionis
1027 1124 1238 1202 Bipontinael)
1259 1123 1333 1182 haee

213 1228 330 1286 exstant
357 1226 459 1285 verba:
492 1227 619 1300 „Multos
641 1227 751 1302 passim
773 1227 805 1284 in
827 1226 1103 1302 Metamorphoseon
1125 1227 1210 1285 libris
1232 1244 1335 1285 versus

214 1330 308 1387 latere
331 1329 381 1404 qui
403 1329 533 1405 negleoti
556 1332 585 1388 et
606 1347 671 1404 pro.
684 1329 779 1388 libera
802 1331 935 1388 oratione
957 1329 1051 1387 habiti
1074 1329 1139 1387 duri
1162 1329 1233 1405 quid
1248 1347 1333 1406 prae-

214 1431 312 1489 ferant
343 1435 372 1488 et
401 1449 555 1490 amoenum
585 1431 723 1491 observat
745 1432 863 1508 Lipsius
886 1433 915 1490 II
934 1433 970 1490 11
1000 1433 1119 1491 eleotor.
1163 1431 1211 1490 Sio
1238 1433 1336 1490 statim

214 1533 297 1592 initio
330 1533 400 1592 libri
433 1534 519 1609 primi
549 1533 826 1610 Metamorphoseon
859 1551 961 1593 versus
995 1534 1136 1593 iambioos
1168 1535 1337 1593 observavit

214 1635 378 1694 Beroaldus
412 1639 440 1694 et
473 1637 659 1712 Rntgersius,
692 1640 721 1695 et
753 1637 928 1695 anctoritate
961 1637 1126 1696 Florentini
1160 1637 1270 1696 oodiois
1301 1655 1336 1696 ao

214 1738 322 1796 veteris
363 1739 481 1813 glossae
523 1739 722 1797 interlinearis
758 1739 789 1796 in
827 1755 879 1796 sua
917 1739 1045 1797 editione
1081 1739 1186 1815 reponi
1223 1740 1337 1797 ouravit

214 1839 464 1913 Elmenhorstius‚
487 1841 542 1898 etsi
564 1840 621 1900 hoo
644 1842 739 1900 minus
761 1841 903 1917 probatur
925 1841 1056 1915 Prioaeo,
1079 1843 1110 1899 in
1133 1843 1216 1900 onius
1238 1845 1336 1899 tamen

216 1943 343 2001 editione
366 1942 474 2001 ibidem
494 1960 605 2016 versus,
628 1944 680 2002 sed
696 1944 788 2002 invito
804 1944 926 2002 Prioaeo
943 1945 1088 2020 expressit
1103 1944 1334 2021 typographus.“

214 2045 309 2102 Etiam
332 2045 553 2123 Hildebrandi)
575 2047 625 2120 qui
649 2046 685 2104 de
707 2046 792 2104 libris
808 2047 985 2122 Apuleianis
1009 2047 1118 2122 optime
1141 2047 1261 2105 meritus
1285 2049 1337 2120 est,

214 2147 245 2204 in
267 2146 458 2206 adnotatione
481 2147 618 2206 editionis
626 2148 652 2226 4)
674 2149 710 2206 de
733 2148 789 2206 hao
811 2167 843 2207 re
866 2149 1011 2224 quaedam
1035 2149 1204 2225 disputavit.

301 2248 493 2320 Quaeritur
524 2251 583 2325 qni
610 2252 656 2310 sit
685 2251 831 2323 laetum,
865 2255 902 2308 ut
930 2251 1108 2327 Apuleius
1143 2252 1225 2310 onius
1260 2269 1338 2310 oom-

215 2353 393 2428 positionem
414 2355 544 2412 armareis
566 2357 703 2412 accurate
726 2353 896 2411 adstrictam
919 2371 983 2412 esse
1006 2353 1185 2426 videbimus,
1207 2355 1338 2412 multos

217 2473 343 2514 versus
365 2456 526 2532 integros
549 2457 608 2514 vel
628 2456 792 2514 versibus
808 2456 941 2514 similia
957 2457 1057 2532 operi
1073 2474 1133 2515 suo
1149 2457 1338 2529 insereret,

218 2557 323 2632 quibus
345 2559 534 2634 praeeipuam
557 2559 654 2633 legem
677 2557 815 2618 diationis
830 2575 1003 2618 numerosae
1018 2559 1177 2618 violavisse
1193 2559 1337 2618 videatur.

302 2659 390 2719 Cuius
423 2662 466 2718 rei
495 2661 568 2719 haee
599 2679 688 2720 eausa
717 2665 762 2720 est
791 2665 906 2738 aperta:
938 2663 1149 2738 plerumque
1183 2662 1339 2738 soriptor

217 2765 358 2823 nimiam
382 2764 608 2839 diligentiam
630 2765 876 2841 rationemque
899 2766 1033 2824 numeri
1056 2765 1180 2824 habuit
1203 2764 1339 2823 studio-

218 2885 282 2942 que
312 2866 513 2942 rhythmioe
549 2868 783 2944 componendi
814 2871 1003 2927 oommotus
1037 2872 1104 2941 est,
1138 2871 1175 2924 ut
1204 2868 1340 2943 parium

216 2972 440 3046 syllabarum
470 2972 724 3047 repetitionem
755 2971 830 3030 iere
860 2971 902 3028 ad
931 2975 1117 3048 poetarum
1145 2975 1254 3029 metra
1282 2989 1339 3029 ex-

216 3075 383 3134 tenderet
410 3077 439 3132 et
467 3075 551 3148 quasi
574 3075 743 3150 inopinatus
766 3091 917 3132 numerum
940 3077 970 3131 et
991 3075 1095 3149 poesin
1118 3075 1194 3132 inter
1217 3092 1247 3132 se
1272 3091 1339 3132 oon-

217 3177 362 3236 funderet.
427 3158 518 3234 Reote
556 3195 627 3235 vero
664 3176 821 3235 Kirohhofi
832 3176 857 3254 ⁵)
892 3177 1053 3252 Apuleium
1090 3177 1274 3253 potissimum
1310 3177 1341 3234 in

217 3281 335 3338 sublimi
373 3279 492 3338 dioendi
528 3297 636 3355 genere
673 3281 787 3338 numeri
824 3280 913 3337 nimia
950 3280 1185 3338 aooumulatione
1218 3279 1341 3338 abusum

218 3382 364 3440 interdum
399 3381 487 3439 etiam
520 3398 623 3440 versus
656 3383 787 3457 integros
821 3381 995 3440 formavisse
1029 3380 1249 3454 animadvertit,
1287 3381 1341 3440 etsi

305 3547 325 3616 ¹)
343 3547 384 3601 Gt.
404 3546 550 3614 Baehrens,
570 3546 676 3614 Fragm.
690 3552 761 3615 poet.
776 3548 856 3602 Rom.
874 3563 901 3614 p.
916 3551 964 3600 376
975 3563 1015 3616 sq.

303 3633 326 3701 ²)
344 3633 396 3686 Ed.
408 3633 517 3700 Bipont.
537 3637 648 3700 a.1788‚
666 3650 692 3701 p.
705 3632 809 3688 XXIV.

303 3719 325 3786 8)
343 3718 394 3772 Ed.
410 3717 693 3786 Metam.Lips.186·2,
711 3719 765 3773 vol.
780 3718 815 3786 II,
835 3733 947 3787 operum
960 3719 1087 3772 omnium.
1117 3717 1342 3772 Reoentissimam

218 3801 325 3858 Metam.
350 3803 499 3858 editionem
524 3804 629 3858 curavit
651 3805 676 3860 J.
695 3818 748 3858 van
771 3803 821 3858 der
838 3804 925 3872 Vliet,
948 3803 1022 3873 Lips.
1043 3808 1120 3871 1897,
1145 3803 1218 3858 unde
1241 3803 1268 3856 in
1292 3803 1342 3857 hae

219 3887 409 3944 dissertatione
427 3889 505 3944 looos
522 3889 682 3944 tractandos
699 3889 817 3944 afferam.

305 3975 327 4042 ⁴)
346 3992 372 4044 n·
391 3981 414 4029 3·

303 4061 326 4126 ⁵)
344 4077 370 4128 p.
390 4064 404 4113 3
429 4059 497 4114 haee
521 4059 599 4112 dioit:
629 4059 700 4126 „Sed
723 4075 813 4127 neque
832 4059 943 4113 difficile
961 4059 1101 4113 intellectu
1118 4073 1207 4126 nequo
1224 4056 1342 4126 probatu

218 4149 261 4198 est
282 4161 409 4199 numeros
427 4145 462 4198 ab
480 4145 600 4214 Apuleio
619 4146 645 4198 in
664 4145 773 4199 sublimi
797 4144 905 4198 dioendi
928 4159 1029 4213 genere
1057 4159 1111 4213 qno
1129 4145 1156 4197 in
1174 4142 1342 4198 orationibus

218 4235 247 4284 et
264 4229 417 4284 artificiosis
435 4230 666 4300 descriptionibus
684 4261 718 4269 -
737 4224 891 4299 ἐκφράσεις
910 4229 973 4283 dieo
991 4259 1024 4268 -
1042 4245 1109 4283 usus
1127 4229 1174 4296 sit,
1196 4228 1277 4282 valde
1295 4228 1342 4282 ad·

217 4315 321 4383 petitos
340 4330 416 4380 ease;
434 4315 568 4370 interdum
588 4315 668 4370 otiam
686 4330 784 4369 versus
801 4315 923 4383 integros
941 4312 1091 4368 formavit.“
