3218 4918
615 273 827 331 ..37-

246 445 347 502 11126
379 443 419 502 ad
453 461 559 520 equum
593 445 678 502 illum
710 447 858 503 vectorem
892 463 987 503 meum
1017 445 1222 522 probissimum
1250 445 1281 502 in

158 548 310 607 stabulum
340 546 484 620 concedo,
513 546 564 605 ubi
593 547 685 605 alium
715 547 803 606 etiem
829 547 948 607 Milonis
979 547 1126 623 quondam
1156 547 1281 624 hospitis

158 651 219 710 mei
240 650 355 710 asinum
377 649 574 710 stabulantem
596 649 706 708 inveni.

246 788 412 867 Responsio
434 791 531 848 exstat
553 791 668 865 aperta:

365 943 574 1019 probissimum
595 944 628 1002 ta
649 942 828 1002 stabulum
852 942 976 1002 conecclo
999 938 1004 1024 l

441 1048 557 1106 asinum
578 1045 823 1105 stabulantem
844 1046 950 1104 luceat.
974 1039 978 1126 Ι

246 1219 288 1277 IV
301 1219 340 1276 32
363 1221 514 1292 spectatur
536 1217 573 1275 ab
596 1217 730 1275 omuibus
753 1210 757 1297 1
785 1216 928 1275 laudatur
948 1217 986 1275 ab
1009 1219 1150 1278 omuibus.

247 1338 289 1396 IX
309 1337 347 1395 41
384 1335 583 1395 annominatio
615 1334 782 1411 (contendit
810 1369 853 1378 —
884 1336 1114 1414 contendebant)
1146 1355 1178 1397 re
1211 1356 1282 1398 vera

160 1442 286 1500 multum
309 1439 346 1498 ad
369 1439 446 1497 hanc
468 1439 573 1497 seriem
595 1455 779 1498 numerosam
803 1439 1034 1514 componendam
1057 1440 1196 1499 eontulit:

161 1629 198 1671 ae
226 1611 330 1669 diebus
350 1609 499 1685 plusculis
524 1625 578 1668 aec
602 1609 710 1668 cidisse
737 1609 853 1683 quidem
878 1610 964 1668 illum
990 1609 1180 1669 hortulanum
1202 1629 1281 1671 eou-

1082 1713 1202 1773 teucllt
1226 1709 1231 1796 l

161 1821 266 1877 contra
281 1861 288 1875 .
305 1861 312 1875 .
328 1863 334 1876 .
350 1815 519 1875 delitescere
534 1816 707 1876 adiurantes
721 1816 839 1890 neutum
854 1816 1000 1890 palumbis
1020 1817 1281 1876 couteuelebaut.

247 2022 305 2080 Vel
327 2037 416 2080 senae
439 2019 533 2080 denae
554 2037 642 2097 pares
664 2019 800 2094 syllabae
822 2018 871 2080 hie
893 2023 1078 2096 repetuntur!

160 2193 242 2253 Χ34
265 2193 425 2268 Postquam
447 2189 561 2249 finitum
584 2196 629 2250 est
650 2190 727 2248 illud
750 2191 866 2251 Paridis
887 2193 1028 2251 iudicium
1052 2187 1056 2273 l

265 2296 340 2354 Iuno
374 2293 492 2370 quidem
527 2311 592 2352 eum
621 2294 754 2353 Minerva
786 2294 885 2353 tristes
916 2297 945 2353 et
975 2296 1062 2354 trous
1092 2297 1203 2356 similes
1235 2294 1239 2378 l

890 2413 905 2455 e
926 2414 1036 2456 scaeua
1056 2397 1210 2476 rccleuatl)
1234 2393 1238 2480 Ι

264 2499 495 2577 indignationem
517 2499 655 2574 repulsae
676 2500 805 2574 pestibus
820 2500 1011 2574 professae
1034 2496 1038 2581 Ι

265 2603 408 2662 laetitiam
432 2620 514 2662 suam
537 2601 673 2662 saltando
697 2606 757 2661 toto
780 2619 845 2662 mm
867 2602 953 2661 cboro
968 2603 1140 2678 professa
1163 2608 1221 2664 est.

166 2790 374 2852 Annominatio
401 2791 571 2868 „professae
591 2824 632 2833 -
651 2790 787 2867 professa
802 2793 864 2850 est“
889 2808 1073 2850 numerosam
1089 2790 1282 2851 membrorum

164 2894 405 2970 compositionem
427 2893 556 2952 adiuvat.

247 3048 355 3108 Porro
385 3046 593 3124 paraclesis
620 3043 682 3128 (vel
704 3047 882 3119 asserentia,
909 3047 934 3106 si
955 3063 1029 3106 voce
1051 3047 1123 3106 lieet
1144 3047 1200 3124 uti)
1222 3048 1240 3107 i.
1256 3066 1281 3107 e.

161 3150 309 3210 voeabula
348 3151 460 3227 pariter
496 3149 644 3222 sonantia,
685 3165 893 3208 numerosae
930 3148 1112 3207 scribendi
1148 3151 1281 3209 rationi

161 3253 338 3312 interdum
369 3252 535 3323 subvenit
558 3253 794 3328 maioremque
817 3252 883 3310 vim
906 3252 1062 3328 praebet.
1106 3253 1189 3312 Haeo
1211 3271 1281 3312 vero

161 3356 256 3432 figura
284 3356 445 3429 rhetorica,
475 3375 493 3414 a
521 3355 660 3431 sophistis
687 3355 881 3414 libentissime
907 3357 1060 3430 usurpata,
1090 3355 1128 3414 ab
1150 3357 1280 3431 Apuleio

162 3476 251 3535 saepe
282 3476 317 3518 eo
347 3458 490 3536 perducta
520 3462 576 3530 esi,
607 3462 640 3516 ut
665 3457 728 3516 fere
750 3457 782 3515 id
805 3457 884 3532 quod
906 3461 1007 3516 nostra
1029 3458 1133 3533 lingua
1157 3459 1277 3532 „Reim“

161 3561 357 3633 nominamus,
380 3562 521 3620 exsistere
542 3559 690 3619 videatur:
713 3577 809 3636 neque
831 3577 897 3618 raro
920 3558 965 3632 fit,
987 3563 1019 3617 ut
1041 3559 1223 3636 anaphora
1245 3579 1280 3620 eo

161 3662 292 3722 accedat.
335 3664 426 3722 Velut
447 3663 504 3722 boo
526 3664 593 3722 loco
621 3662 807 3738 responsio
835 3662 1016 3719 initiorum
1039 3663 1097 3734 vel,
1124 3658 1279 3722 dummodo

161 3765 248 3825 unius
278 3765 414 3840 syllabae
446 3767 555 3841 longas
588 3765 764 3824 solutionem
796 3763 1003 3834 concedamus,
1036 3766 1162 3822 totorum
1192 3783 1280 3824 mem-

161 3868 287 3942 brorum,
310 3867 440 3927 dilucide
463 3868 583 3926 eminet:
604 3893 937 3916 ----------
946 3865 1018 3942 (ῑ-ν
1026 3865 1066 3943 -)

246 4085 265 4152 ¹)
290 4084 349 4140 Sic!
375 4084 470 4140 Vlletii
493 4084 648 4140 conicetura
672 4083 837 4154 „recedunt‘
861 4083 942 4152 plane
966 4098 1168 4152 supervacanea
1191 4089 1235 4139 est
1252 4089 1280 4139 et

161 4171 293 4240 insignem
321 4170 501 4226 clausularum
527 4171 598 4225 inter
623 4186 654 4226 se
677 4169 882 4239 responsionem
904 4169 990 4224 delet:
1016 4169 1238 4238 iratissimilesl
1264 4186 1280 4226 e

45 4311 46 4319 ,
161 4270 258 4312 scaena
274 4257 398 4312 redeunt.
