3218 4918
627 355 840 416 ...51-

260 528 340 587 Bene
362 545 433 588 vero
456 531 579 587 metrum
603 529 755 588 clausulae
779 531 808 588 et
830 531 907 588 initii
930 531 1006 588 inter
1029 546 1061 588 se
1084 533 1264 606 congruunt:
1328 579 1356 605 x

303 682 371 725 mox
391 667 423 723 in
445 666 517 724 urhe
532 667 622 724 Latia
645 668 760 725 adoeoa
782 667 954 738 stodiomoo,
978 661 1005 757 lp

305 767 462 843 Quiritium
483 768 654 843 indigenam
676 786 837 828 sermonem
992 760 1001 830 Ι
1017 745 1281 767 υυυυυυυυ

263 906 399 981 Denique
442 905 553 981 triplex
597 923 757 966 consensus
801 915 973 965 numerosus
1017 906 1047 964 in
1091 905 1149 964 fine
1192 905 1298 981 capitis

175 1007 348 1068 statuendus
377 1010 438 1066 est:

532 1111 632 1183 siquid
653 1105 814 1191 ecotici¹)l

332 1229 368 1270 ac
391 1213 415 1270 si
513 1212 595 1270 rudis
618 1213 734 1272 locutor
755 1212 910 1286 offer-dero.
949 1127 964 1272 ἓ
992 1188 1154 1212 ’’’’’
1167 1188 1201 1212 Ν

177 1332 220 1391 Gt.
242 1331 336 1390 inho:
366 1331 478 1389 Lector
500 1332 618 1390 intende
642 1332 805 1392 laetaberis.

261 1435 306 1491 12
330 1435 411 1492 Haec
433 1433 572 1508 periodus
596 1434 701 1510 capitis
724 1435 856 1507 alterius,
879 1434 968 1494 simili
991 1434 1185 1492 membrorum
1205 1437 1297 1492 struc-

181 1541 246 1596 tura
269 1535 445 1613 praedita,²)
467 1554 587 1596 numero
610 1537 757 1596 abundat:

333 1656 516 1730 „Postquam
538 1657 635 1716 arduo
655 1659 800 1716 moodwm
823 1652 828 1740 l

469 1762 498 1817 et
520 1759 633 1818 lubrica
653 1759 779 1818 callium
801 1754 805 1840 l
875 1787 1071 1811 ------
1083 1786 1118 1811 Ν

469 1863 497 1918 et
516 1861 635 1920 roscida
650 1863 790 1936 cespitem
813 1857 817 1943 Ι

181 1985 209 2041 et
230 1981 355 2058 glebosa
377 1997 545 2056 camporum
569 1982 682 2055 emersi,
705 1999 751 2040 me
773 1999 850 2058 equo
872 1981 1012 2058 indigena
1035 1981 1159 2058 peralbo
1182 1981 1300 2054 vehens,

177 2087 235 2144 iam
269 2103 303 2145 eo
338 2102 455 2161 quoque
489 2084 646 2144 admodum
679 2085 774 2159 fesso,
811 2089 843 2144 ut
875 2086 940 2162 ipsc
977 2086 1064 2144 etiam
1097 2085 1301 2162 fatigationem

179 2188 374 2248 sedentariam
404 2188 537 2247 incessus
557 2189 758 2264 -uegetatione
788 2189 976 2261 discuterem,
1005 2189 1036 2246 iu
1066 2188 1157 2265 podes
1187 2189 1302 2262 desilio,

179 2292 247 2368 equi
269 2291 406 2350 sudorem
428 2290 535 2350 fronde
557 2292 672 2350 curiose
695 2290 853 2368 emisse)
874 2292 953 2350 auris
976 2290 1128 2350 demulceo
1136 2291 1171 2368 ,⁴)
1202 2293 1303 2352 frenos

180 2393 310 2467 detraho,
343 2394 375 2450 in
404 2393 528 2469 gradum
558 2395 655 2451 lenem
683 2394 791 2452 sensim
817 2393 958 2470 proveho,
993 2392 1091 2468 quoad
1120 2395 1303 2453 lassitudinis

182 2496 396 2556 incommodum
418 2497 480 2554 alvi
502 2497 622 2556 solitum
645 2514 679 2556 ec
701 2498 837 2555 naturale
860 2497 1039 2573 praesidium
1063 2498 1236 2573 eliquaret.“

265 2599 396 2658 Membra
425 2600 510 2675 paria
536 2617 571 2658 ac
594 2599 740 2658 concinna
765 2599 894 2658 libenter
919 2616 1074 2658 numeroso
1097 2600 1217 2660 vinculo
1240 2605 1303 2659 erte

183 2702 319 2778 coniungi
352 2703 410 2760 iam
444 2701 570 2761 vidimus
608 2702 811 2778 exemplisque
844 2702 1050 2779 probavimus;
1086 2702 1135 2762 hic
1164 2721 1303 2762 numerus

186 2807 277 2862 exstat
299 2804 458 2864 eiusmodi:
481 2805 669 2880 vegetatione
692 2804 872 2875 discuterem,
896 2800 900 2886 l
925 2805 956 2862 in
978 2802 1069 2880 pedes
1093 2806 1204 2876 desidio,

333 2925 402 3000 equi
426 2923 561 2982 sudorem
583 2923 690 2984 fronde
713 2925 825 2983 curiose
848 2925 965 2998 ecfodco,
988 2918 992 3005 Ι

707 3028 788 3085 auris
811 3026 966 3096 demulceo,
990 3021 994 3108 l

708 3129 810 3203 frenos
833 3128 954 3187 demoto
979 3123 983 3209 l

392 3231 423 3288 in
445 3229 569 3308 gredmn
591 3232 689 3290 lenem
711 3233 820 3292 seorsim
835 3231 975 3306 proveho.

306 3351 382 3358 -—-—

266 3399 285 3463 ¹)
302 3396 356 3452 Vel
379 3411 505 3451 numerus
528 3395 708 3451 clausularum
725 3397 820 3452 Vlietii
843 3397 1057 3452 additamentum
1082 3398 1234 3468 „souuerd‘
1252 3413 1302 3467 per

180 3498 210 3537 se
227 3481 447 3550 incertissimum,
465 3480 593 3536 refellere
610 3481 729 3536 ridetur.

265 3568 290 3637 ⁹)
309 3567 349 3622 ct.
368 3584 395 3636 p.
409 3572 441 3621 39
451 3583 512 3637 sqq.

266 3655 289 3721 ²)
308 3653 384 3708 Vliet
401 3653 428 3706 in
447 3653 639 3722 orthographia
663 3668 759 3722 parum
778 3659 948 3710 constantem
970 3670 1001 3710 se
1018 3654 1164 3724 praestitit,
1188 3651 1303 3710 conica:

182 3739 288 3808 amfrico
306 3738 345 3792 12
369 3738 469 3807 effrico
487 3739 525 3792 17
550 3739 651 3808 ecfrico
669 3737 708 3795 IV
720 3744 748 3808 73
776 3739 822 3794 vel
845 3755 989 3810 aggressus
1006 3739 1045 3794 ll
1071 3738 1191 3808 adgressi
1209 3738 1248 3792 IX
1259 3743 1303 3804 863

182 3824 227 3878 vel
243 3823 372 3878 nubtialis
389 3823 472 3878 v11o
490 3823 618 3892 nuptialis
636 3823 676 3879 Vl
687 3829 719 3879 ut
738 3829 789 3879 etc.

267 3910 289 3979 ¹)
307 3909 349 3964 Ne
367 3909 480 3978 insignis
499 3925 594 3964 cursus
611 3925 771 3965 numerosus
790 3909 921 3978 deleatur,
939 3925 989 3980 pro
1006 3909 1124 3965 lectione
1136 3909 1235 3964 tradita
1249 3903 1304 3976 „rd-

182 3993 304 4049 mulcco“
331 3994 394 4063 (nisi
412 3994 528 4049 tortasse
554 3995 750 4062 „remmulceo“
776 3995 922 4064 legendum
947 3998 989 4050 est
1012 3993 1047 4050 os.
1066 4011 1093 4064 p.
1106 3995 1197 4066 ttsq.)
1214 3994 1303 4050 leuem

182 4080 360 4135 mutationem
379 4079 553 4149 „demulceo“
573 4080 600 4132 in
619 4095 699 4148 quam
712 4080 790 4136 Blass
802 4079 920 4150 henigne
932 4096 976 4136 mc
989 4079 1131 4148 convertit,
1149 4095 1304 4150 proponere

181 4182 236 4220 uon
254 4181 360 4221 vereor.
396 4164 502 4234 Quippe
528 4165 641 4220 verbum
661 4165 846 4234 ,demulcere“
867 4166 902 4220 de
926 4165 1004 4234 equis
1027 4165 1126 4220 dicitur
1143 4165 1201 4220 Liv.
1220 4165 1260 4218 IX
1273 4171 1303 4220 lb*

183 4253 311 4321 ,dorsum
336 4251 514 4306 demulceatis
541 4265 602 4306 cum
633 4267 667 4306 cx
691 4251 769 4322 equis
793 4250 983 4308 descendetis·
1011 4249 1057 4320 (cl.
1083 4251 1163 4306 ettam
1192 4250 1302 4306 Terent.

182 4338 282 4393 fleant.
301 4336 375 4392 th.
396 4341 426 4389 tt
446 4343 545 4406 ,caput
562 4336 744 4408 demulceo“.)

1100 4438 1131 4496 ⁴*
