<?xml version="1.0" encoding="UTF-8"?>
<!DOCTYPE html PUBLIC "-//W3C//DTD XHTML 1.0 Transitional//EN"
    "http://www.w3.org/TR/xhtml1/DTD/xhtml1-transitional.dtd">
<html xmlns="http://www.w3.org/1999/xhtml" xml:lang="en" lang="en">
 <head>
  <title>
</title>
<meta http-equiv="Content-Type" content="text/html;charset=utf-8" />
  <meta name='ocr-system' content='tesseract 3.04.00' />
  <meta name='ocr-capabilities' content='ocr_page ocr_carea ocr_par ocr_line ocrx_word'/>
</head>
<body>
  <div class='ocr_page' id='page_1' title='image "./deapuleimetamor00schogoog_0076.png"; bbox 0 0 3218 4918; ppageno 0'>
   <div class='ocr_carea' id='block_1_1' title="bbox 661 349 874 410">
    <p class='ocr_par' dir='ltr' id='par_1_1' title="bbox 661 349 874 410">
     <span class='ocr_line' id='line_1_1' title="bbox 661 349 874 410; baseline 0.005 -15"><span class='ocrx_word' id='word_1_1' title='bbox 661 349 874 410; x_wconf 74' lang='grc'><strong>-67-</strong></span> 
     </span>
    </p>
   </div>
   <div class='ocr_carea' id='block_1_2' title="bbox 208 521 1328 598">
    <p class='ocr_par' dir='ltr' id='par_1_2' title="bbox 208 521 1328 598">
     <span class='ocr_line' id='line_1_2' title="bbox 208 521 1328 598; baseline -0.002 -16"><span class='ocrx_word' id='word_1_2' title='bbox 208 523 320 583; x_wconf 83' lang='lat' dir='ltr'>maritis</span> <span class='ocrx_word' id='word_1_3' title='bbox 342 523 465 582; x_wconf 86' lang='lat' dir='ltr'>advenis</span> <span class='ocrx_word' id='word_1_4' title='bbox 491 525 620 582; x_wconf 84' lang='lat' dir='ltr'>ancillae</span> <span class='ocrx_word' id='word_1_5' title='bbox 643 523 769 597; x_wconf 83' lang='lat' dir='ltr'>deditae,</span> <span class='ocrx_word' id='word_1_6' title='bbox 796 529 928 584; x_wconf 84' lang='lat' dir='ltr'>extorres</span> <span class='ocrx_word' id='word_1_7' title='bbox 956 528 985 583; x_wconf 89' lang='lat' dir='ltr'>et</span> <span class='ocrx_word' id='word_1_8' title='bbox 1007 523 1070 582; x_wconf 85' lang='lat' dir='ltr'>lare</span> <span class='ocrx_word' id='word_1_9' title='bbox 1093 526 1122 582; x_wconf 90' lang='lat' dir='ltr'>et</span> <span class='ocrx_word' id='word_1_10' title='bbox 1144 522 1209 598; x_wconf 87' lang='lat' dir='ltr'>ipsa</span> <span class='ocrx_word' id='word_1_11' title='bbox 1231 521 1328 598; x_wconf 87' lang='lat' dir='ltr'>patria</span> 
     </span>
    </p>
   </div>
   <div class='ocr_carea' id='block_1_3' title="bbox 99 624 1328 702">
    <p class='ocr_par' dir='ltr' id='par_1_3' title="bbox 99 624 1328 702">
     <span class='ocr_line' id='line_1_3' title="bbox 99 624 1328 702; baseline -0.002 -18"><span class='ocrx_word' id='word_1_12' title='bbox 99 624 101 630; x_wconf 84' lang='lat'>&#39;</span> <span class='ocrx_word' id='word_1_13' title='bbox 209 626 349 702; x_wconf 84' lang='lat' dir='ltr'><strong>degamus</strong></span> <span class='ocrx_word' id='word_1_14' title='bbox 371 627 461 701; x_wconf 84' lang='lat' dir='ltr'>longe</span> <span class='ocrx_word' id='word_1_15' title='bbox 483 630 637 702; x_wconf 88' lang='lat' dir='ltr'>parentum</span> <span class='ocrx_word' id='word_1_16' title='bbox 657 629 740 685; x_wconf 87' lang='lat' dir='ltr'>velut</span> <span class='ocrx_word' id='word_1_17' title='bbox 761 628 925 700; x_wconf 71' lang='lat' dir='ltr'>exulantes</span> <span class='ocrx_word' id='word_1_18' title='bbox 948 627 1022 686; x_wconf 84' lang='lat' dir='ltr'>haec</span> <span class='ocrx_word' id='word_1_19' title='bbox 1042 629 1138 684; x_wconf 89' lang='lat' dir='ltr'>autem</span> <span class='ocrx_word' id='word_1_20' title='bbox 1160 626 1328 698; x_wconf 87' lang='lat' dir='ltr'>novissima,</span> 
     </span>
    </p>
   </div>
   <div class='ocr_carea' id='block_1_4' title="bbox 209 727 1396 1215">
    <p class='ocr_par' dir='ltr' id='par_1_4' title="bbox 209 727 1396 1215">
     <span class='ocr_line' id='line_1_4' title="bbox 209 727 1328 807; baseline 0 -21"><span class='ocrx_word' id='word_1_21' title='bbox 209 747 297 805; x_wconf 88' lang='lat' dir='ltr'>qnam</span> <span class='ocrx_word' id='word_1_22' title='bbox 319 728 382 787; x_wconf 83' lang='lat' dir='ltr'>fetu</span> <span class='ocrx_word' id='word_1_23' title='bbox 404 729 530 788; x_wconf 77' lang='lat' dir='ltr'><strong>satiante</strong></span> <span class='ocrx_word' id='word_1_24' title='bbox 552 733 717 806; x_wconf 69' lang='lat' dir='ltr'>postremus</span> <span class='ocrx_word' id='word_1_25' title='bbox 738 733 841 807; x_wconf 86' lang='lat' dir='ltr'>partus</span> <span class='ocrx_word' id='word_1_26' title='bbox 861 728 974 803; x_wconf 82' lang='lat' dir='ltr'>effudit,</span> <span class='ocrx_word' id='word_1_27' title='bbox 996 729 1086 787; x_wconf 90' lang='lat' dir='ltr'>tantis</span> <span class='ocrx_word' id='word_1_28' title='bbox 1103 729 1208 806; x_wconf 90' lang='lat' dir='ltr'>apibus</span> <span class='ocrx_word' id='word_1_29' title='bbox 1229 731 1258 786; x_wconf 89' lang='lat' dir='ltr'>et</span> <span class='ocrx_word' id='word_1_30' title='bbox 1273 727 1328 786; x_wconf 88' lang='lat' dir='ltr'>dea</span> 
     </span>
     <span class='ocr_line' id='line_1_5' title="bbox 209 829 1396 908; baseline -0.001 -18"><span class='ocrx_word' id='word_1_31' title='bbox 209 832 314 891; x_wconf 86' lang='lat' dir='ltr'>marita</span> <span class='ocrx_word' id='word_1_32' title='bbox 336 832 431 908; x_wconf 87' lang='lat' dir='ltr'>potita</span> <span class='ocrx_word' id='word_1_33' title='bbox 453 833 499 906; x_wconf 88' lang='lat' dir='ltr'>sit,</span> <span class='ocrx_word' id='word_1_34' title='bbox 521 849 597 908; x_wconf 86' lang='lat' dir='ltr'>quae</span> <span class='ocrx_word' id='word_1_35' title='bbox 620 850 675 891; x_wconf 90' lang='lat' dir='ltr'>nec</span> <span class='ocrx_word' id='word_1_36' title='bbox 697 834 740 891; x_wconf 88' lang='lat' dir='ltr'>uti</span> <span class='ocrx_word' id='word_1_37' title='bbox 762 835 842 892; x_wconf 90' lang='lat' dir='ltr'>reete</span> <span class='ocrx_word' id='word_1_38' title='bbox 857 835 940 890; x_wconf 82' lang='lat' dir='ltr'>tanta</span> <span class='ocrx_word' id='word_1_39' title='bbox 960 831 1103 891; x_wconf 86' lang='lat' dir='ltr'>bonorum</span> <span class='ocrx_word' id='word_1_40' title='bbox 1123 831 1209 908; x_wconf 87' lang='lat' dir='ltr'>copia</span> <span class='ocrx_word' id='word_1_41' title='bbox 1224 829 1329 890; x_wconf 80' lang='lat' dir='ltr'>navit?</span> <span class='ocrx_word' id='word_1_42' title='bbox 1392 829 1396 835; x_wconf 84' lang='grc'><strong>’</strong></span> 
     </span>
     <span class='ocr_line' id='line_1_6' title="bbox 210 934 1329 1012; baseline 0.001 -20"><span class='ocrx_word' id='word_1_43' title='bbox 210 934 325 1008; x_wconf 84' lang='lat' dir='ltr'>Vidisti,</span> <span class='ocrx_word' id='word_1_44' title='bbox 355 952 447 1008; x_wconf 86' lang='lat' dir='ltr'>sarar,</span> <span class='ocrx_word' id='word_1_45' title='bbox 478 938 588 1010; x_wconf 88' lang='lat' dir='ltr'>quanta</span> <span class='ocrx_word' id='word_1_46' title='bbox 609 936 641 993; x_wconf 94' lang='lat' dir='ltr'>in</span> <span class='ocrx_word' id='word_1_47' title='bbox 670 935 756 996; x_wconf 87' lang='lat' dir='ltr'>domo</span> <span class='ocrx_word' id='word_1_48' title='bbox 785 936 885 994; x_wconf 87' lang='lat' dir='ltr'>iacent</span> <span class='ocrx_word' id='word_1_49' title='bbox 906 939 935 994; x_wconf 89' lang='lat' dir='ltr'>et</span> <span class='ocrx_word' id='word_1_50' title='bbox 958 936 1060 1012; x_wconf 83' lang='lat' dir='ltr'>qualia</span> <span class='ocrx_word' id='word_1_51' title='bbox 1086 935 1223 1008; x_wconf 87' lang='lat' dir='ltr'>monilia,</span> <span class='ocrx_word' id='word_1_52' title='bbox 1253 952 1329 1010; x_wconf 89' lang='lat' dir='ltr'>qnae</span> 
     </span>
     <span class='ocr_line' id='line_1_7' title="bbox 210 1037 1330 1114; baseline 0.002 -20"><span class='ocrx_word' id='word_1_53' title='bbox 210 1038 378 1112; x_wconf 81' lang='lat' dir='ltr'>praenitent</span> <span class='ocrx_word' id='word_1_54' title='bbox 399 1041 505 1110; x_wconf 84' lang='lat' dir='ltr'>vestes,</span> <span class='ocrx_word' id='word_1_55' title='bbox 533 1055 608 1113; x_wconf 88' lang='lat' dir='ltr'>quae</span> <span class='ocrx_word' id='word_1_56' title='bbox 632 1037 819 1113; x_wconf 79' lang='lat' dir='ltr'>splendicant</span> <span class='ocrx_word' id='word_1_57' title='bbox 841 1055 982 1114; x_wconf 81' lang='lat' dir='ltr'>gemmae,</span> <span class='ocrx_word' id='word_1_58' title='bbox 1013 1040 1154 1114; x_wconf 86' lang='lat' dir='ltr'>quantum</span> <span class='ocrx_word' id='word_1_59' title='bbox 1176 1039 1330 1113; x_wconf 88' lang='lat' dir='ltr'>praeterea</span> 
     </span>
     <span class='ocr_line' id='line_1_8' title="bbox 209 1141 606 1215; baseline 0.005 -17"><span class='ocrx_word' id='word_1_60' title='bbox 209 1141 320 1215; x_wconf 87' lang='lat' dir='ltr'>passim</span> <span class='ocrx_word' id='word_1_61' title='bbox 342 1141 474 1199; x_wconf 86' lang='lat' dir='ltr'>calcatur</span> <span class='ocrx_word' id='word_1_62' title='bbox 495 1158 606 1200; x_wconf 79' lang='lat' dir='ltr'>eninm.</span> 
     </span>
    </p>
   </div>
   <div class='ocr_carea' id='block_1_5' title="bbox 295 1260 1327 1702">
    <p class='ocr_par' dir='ltr' id='par_1_5' title="bbox 295 1260 1327 1702">
     <span class='ocr_line' id='line_1_9' title="bbox 295 1260 1326 1337; baseline 0.002 -19"><span class='ocrx_word' id='word_1_63' title='bbox 295 1261 420 1337; x_wconf 88' lang='lat' dir='ltr'>Peraipe</span> <span class='ocrx_word' id='word_1_64' title='bbox 435 1260 489 1320; x_wconf 90' lang='lat' dir='ltr'>has</span> <span class='ocrx_word' id='word_1_65' title='bbox 505 1263 666 1320; x_wconf 86' lang='lat' dir='ltr'>structuras</span> <span class='ocrx_word' id='word_1_66' title='bbox 681 1260 878 1336; x_wconf 89' lang='lat' dir='ltr'>rhythmicas:</span> <span class='ocrx_word' id='word_1_67' title='bbox 901 1264 946 1320; x_wconf 86' lang='lat' dir='ltr'>ter</span> <span class='ocrx_word' id='word_1_68' title='bbox 961 1263 1125 1322; x_wconf 80' lang='lat' dir='ltr'><strong>clausulam</strong></span> <span class='ocrx_word' id='word_1_69' title='bbox 1151 1296 1177 1305; x_wconf 95' lang='lat'><em>-</em></span> <span class='ocrx_word' id='word_1_70' title='bbox 1186 1289 1211 1312; x_wconf 78' lang='grc' dir='ltr'><strong>υ</strong></span> <span class='ocrx_word' id='word_1_71' title='bbox 1220 1295 1245 1306; x_wconf 83' lang='grc'>-</span> <span class='ocrx_word' id='word_1_72' title='bbox 1254 1296 1279 1304; x_wconf 89' lang='grc'>-</span> <span class='ocrx_word' id='word_1_73' title='bbox 1292 1287 1326 1313; x_wconf 73' lang='grc' dir='ltr'><strong><em>ω</em></strong></span> 
     </span>
     <span class='ocr_line' id='line_1_10' title="bbox 317 1393 1327 1562; baseline 0.004 -108"><span class='ocrx_word' id='word_1_74' title='bbox 317 1396 363 1454; x_wconf 82' lang='lat' dir='ltr'>En</span> <span class='ocrx_word' id='word_1_75' title='bbox 378 1398 449 1456; x_wconf 85' lang='lat' dir='ltr'>arba</span> <span class='ocrx_word' id='word_1_76' title='bbox 465 1402 494 1456; x_wconf 85' lang='lat' dir='ltr'>et</span> <span class='ocrx_word' id='word_1_77' title='bbox 507 1415 597 1458; x_wconf 85' lang='lat' dir='ltr'>sacra</span> <span class='ocrx_word' id='word_1_78' title='bbox 613 1399 754 1471; x_wconf 80' lang='lat' dir='ltr'>etiniqaa</span> <span class='ocrx_word' id='word_1_79' title='bbox 765 1398 921 1457; x_wconf 85' lang='lat' dir='ltr'>Fartnna!</span> <span class='ocrx_word' id='word_1_80' title='bbox 937 1393 941 1480; x_wconf 99' lang='grc' dir='ltr'>Ι</span> <span class='ocrx_word' id='word_1_81' title='bbox 963 1416 987 1457; x_wconf 90' lang='lat' dir='ltr'>e.</span> <span class='ocrx_word' id='word_1_82' title='bbox 1000 1415 1014 1562; x_wconf 89' lang='grc' dir='ltr'>Ι</span> <span class='ocrx_word' id='word_1_83' title='bbox 1025 1477 1284 1501; x_wconf 48' lang='grc'><strong>--------</strong></span> <span class='ocrx_word' id='word_1_84' title='bbox 1292 1477 1327 1502; x_wconf 65' lang='grc' dir='ltr'><strong><em>Ν</em></strong></span> 
     </span>
     <span class='ocr_line' id='line_1_11' title="bbox 363 1496 987 1583; baseline 0.003 -25"><span class='ocrx_word' id='word_1_85' title='bbox 363 1503 396 1558; x_wconf 89' lang='lat' dir='ltr'>ut</span> <span class='ocrx_word' id='word_1_86' title='bbox 413 1505 536 1574; x_wconf 77' lang='lat' dir='ltr'>aboqne</span> <span class='ocrx_word' id='word_1_87' title='bbox 551 1506 679 1576; x_wconf 79' lang='lat' dir='ltr'>parente</span> <span class='ocrx_word' id='word_1_88' title='bbox 694 1506 863 1582; x_wconf 60' lang='lat' dir='ltr'>propinatae</span> <span class='ocrx_word' id='word_1_89' title='bbox 886 1496 889 1583; x_wconf 96' lang='grc' dir='ltr'>Ι</span> <span class='ocrx_word' id='word_1_90' title='bbox 964 1519 987 1560; x_wconf 89' lang='lat' dir='ltr'>a.</span> 
     </span>
     <span class='ocr_line' id='line_1_12' title="bbox 364 1615 989 1702; baseline 0.006 -25"><span class='ocrx_word' id='word_1_91' title='bbox 364 1619 514 1681; x_wconf 85' lang='lat' dir='ltr'>diversam</span> <span class='ocrx_word' id='word_1_92' title='bbox 537 1626 644 1680; x_wconf 82' lang='lat' dir='ltr'>sertem</span> <span class='ocrx_word' id='word_1_93' title='bbox 667 1623 884 1691; x_wconf 69' lang='lat' dir='ltr'>sastinerernaa</span> <span class='ocrx_word' id='word_1_94' title='bbox 908 1615 912 1702; x_wconf 96' lang='grc' dir='ltr'>Ι</span> <span class='ocrx_word' id='word_1_95' title='bbox 965 1639 989 1682; x_wconf 87' lang='lat' dir='ltr'>e.</span> 
     </span>
    </p>
   </div>
   <div class='ocr_carea' id='block_1_6' title="bbox 319 1752 1327 1930">
    <p class='ocr_par' dir='ltr' id='par_1_6' title="bbox 319 1752 1327 1930">
     <span class='ocr_line' id='line_1_13' title="bbox 319 1752 1068 1840; baseline 0.004 -26"><span class='ocrx_word' id='word_1_96' title='bbox 319 1760 348 1815; x_wconf 91' lang='lat' dir='ltr'>et</span> <span class='ocrx_word' id='word_1_97' title='bbox 361 1774 415 1816; x_wconf 84' lang='lat' dir='ltr'>aas</span> <span class='ocrx_word' id='word_1_98' title='bbox 431 1758 547 1830; x_wconf 79' lang='lat' dir='ltr'>qaidern</span> <span class='ocrx_word' id='word_1_99' title='bbox 563 1753 567 1839; x_wconf 89' lang='grc' dir='ltr'>Ι</span> <span class='ocrx_word' id='word_1_100' title='bbox 584 1762 746 1832; x_wconf 84' lang='lat' dir='ltr'>quaenata</span> <span class='ocrx_word' id='word_1_101' title='bbox 756 1761 882 1818; x_wconf 84' lang='lat' dir='ltr'>naiores</span> <span class='ocrx_word' id='word_1_102' title='bbox 893 1775 1001 1831; x_wconf 71' lang='lat' dir='ltr'>snrnaa</span> <span class='ocrx_word' id='word_1_103' title='bbox 1015 1752 1019 1840; x_wconf 96' lang='grc' dir='ltr'>Ι</span> <span class='ocrx_word' id='word_1_104' title='bbox 1044 1775 1068 1817; x_wconf 89' lang='lat' dir='ltr'>e.</span> 
     </span>
     <span class='ocr_line' id='line_1_14' title="bbox 365 1775 1327 1930; baseline 0.006 -14"><span class='ocrx_word' id='word_1_105' title='bbox 365 1859 477 1918; x_wconf 85' lang='lat' dir='ltr'>maritis</span> <span class='ocrx_word' id='word_1_106' title='bbox 500 1859 623 1920; x_wconf 86' lang='lat' dir='ltr'>advenis</span> <span class='ocrx_word' id='word_1_107' title='bbox 647 1861 776 1919; x_wconf 84' lang='lat' dir='ltr'>ancillae</span> <span class='ocrx_word' id='word_1_108' title='bbox 798 1861 922 1930; x_wconf 88' lang='lat' dir='ltr'>deditae,</span> <span class='ocrx_word' id='word_1_109' title='bbox 1044 1775 1091 1922; x_wconf 61' lang='lat' dir='ltr'>a}</span> <span class='ocrx_word' id='word_1_110' title='bbox 1102 1837 1285 1860; x_wconf 52' lang='grc'><em>““““““</em></span> <span class='ocrx_word' id='word_1_111' title='bbox 1293 1835 1327 1861; x_wconf 63' lang='grc' dir='ltr'><em>Ν</em></span> 
     </span>
    </p>
   </div>
   <div class='ocr_carea' id='block_1_7' title="bbox 366 1959 1136 2062">
    <p class='ocr_par' dir='ltr' id='par_1_7' title="bbox 366 1959 1136 2062">
     <span class='ocr_line' id='line_1_15' title="bbox 366 1959 1136 2062; baseline 0.006 -26"><span class='ocrx_word' id='word_1_112' title='bbox 366 1977 506 2055; x_wconf 87' lang='lat' dir='ltr'>degamus</span> <span class='ocrx_word' id='word_1_113' title='bbox 528 1981 616 2055; x_wconf 77' lang='lat' dir='ltr'>lanpe</span> <span class='ocrx_word' id='word_1_114' title='bbox 631 1985 792 2055; x_wconf 80' lang='lat' dir='ltr'>parentam</span> <span class='ocrx_word' id='word_1_115' title='bbox 815 1974 819 2062; x_wconf 96' lang='grc' dir='ltr'>Ι</span> <span class='ocrx_word' id='word_1_116' title='bbox 843 1981 927 2040; x_wconf 86' lang='lat' dir='ltr'>velut</span> <span class='ocrx_word' id='word_1_117' title='bbox 949 1959 1107 2052; x_wconf 78' lang='lat' dir='ltr'>cantantes,</span> <span class='ocrx_word' id='word_1_118' title='bbox 1132 1976 1136 2062; x_wconf 95' lang='grc' dir='ltr'>Ι</span> 
     </span>
    </p>
   </div>
   <div class='ocr_carea' id='block_1_8' title="bbox 213 2112 1329 2301">
    <p class='ocr_par' dir='ltr' id='par_1_8' title="bbox 213 2112 1329 2301">
     <span class='ocr_line' id='line_1_16' title="bbox 213 2112 1329 2199; baseline 0.003 -26"><span class='ocrx_word' id='word_1_119' title='bbox 213 2113 286 2174; x_wconf 88' lang='lat' dir='ltr'>haee</span> <span class='ocrx_word' id='word_1_120' title='bbox 309 2119 422 2174; x_wconf 88' lang='lat' dir='ltr'>antem</span> <span class='ocrx_word' id='word_1_121' title='bbox 444 2117 640 2177; x_wconf 86' lang='lat' dir='ltr'>novissima</span> <span class='ocrx_word' id='word_1_122' title='bbox 668 2112 672 2199; x_wconf 97' lang='grc' dir='ltr'>Ι</span> <span class='ocrx_word' id='word_1_123' title='bbox 704 2135 792 2194; x_wconf 89' lang='lat' dir='ltr'>quam</span> <span class='ocrx_word' id='word_1_124' title='bbox 877 2123 1042 2194; x_wconf 86' lang='lat' dir='ltr'>postrernas</span> <span class='ocrx_word' id='word_1_125' title='bbox 1058 2121 1168 2191; x_wconf 80' lang='lat' dir='ltr'>partas</span> <span class='ocrx_word' id='word_1_126' title='bbox 1191 2118 1301 2190; x_wconf 80' lang='lat' dir='ltr'>effadit,</span> <span class='ocrx_word' id='word_1_127' title='bbox 1325 2113 1329 2199; x_wconf 96' lang='grc' dir='ltr'>Ι</span> 
     </span>
     <span class='ocr_line' id='line_1_17' title="bbox 288 2215 1310 2301; baseline 0.002 -24.865"><span class='ocrx_word' id='word_1_128' title='bbox 288 2218 343 2277; x_wconf 90' lang='lat' dir='ltr'>deo</span> <span class='ocrx_word' id='word_1_129' title='bbox 367 2220 488 2278; x_wconf 80' lang='lat' dir='ltr'>marito</span> <span class='ocrx_word' id='word_1_130' title='bbox 511 2221 628 2295; x_wconf 87' lang='lat' dir='ltr'>potita</span> <span class='ocrx_word' id='word_1_131' title='bbox 650 2221 709 2293; x_wconf 82' lang='lat' dir='ltr'>sit,</span> <span class='ocrx_word' id='word_1_132' title='bbox 734 2215 738 2301; x_wconf 97' lang='grc' dir='ltr'>Ι</span> <span class='ocrx_word' id='word_1_133' title='bbox 763 2229 838 2296; x_wconf 80' lang='lat' dir='ltr'>qna&#39;e</span> <span class='ocrx_word' id='word_1_134' title='bbox 936 2220 1080 2279; x_wconf 84' lang='lat' dir='ltr'>benarnrn</span> <span class='ocrx_word' id='word_1_135' title='bbox 1103 2223 1187 2293; x_wconf 81' lang='lat' dir='ltr'>copia</span> <span class='ocrx_word' id='word_1_136' title='bbox 1207 2219 1310 2278; x_wconf 79' lang='lat' dir='ltr'>nobit?</span> 
     </span>
    </p>
   </div>
   <div class='ocr_carea' id='block_1_9' title="bbox 366 2334 1071 2503">
    <p class='ocr_par' dir='ltr' id='par_1_9' title="bbox 366 2334 1071 2503">
     <span class='ocr_line' id='line_1_18' title="bbox 366 2334 1071 2503; baseline 0.033 -109"><span class='ocrx_word' id='word_1_137' title='bbox 366 2355 441 2410; x_wconf 78' lang='lat' dir='ltr'>qaae</span> <span class='ocrx_word' id='word_1_138' title='bbox 456 2341 630 2412; x_wconf 74' lang='lat' dir='ltr'>praenitent</span> <span class='ocrx_word' id='word_1_139' title='bbox 650 2344 750 2409; x_wconf 82' lang='lat' dir='ltr'>restes,</span> <span class='ocrx_word' id='word_1_140' title='bbox 774 2334 778 2420; x_wconf 98' lang='grc' dir='ltr'>Ι</span> <span class='ocrx_word' id='word_1_141' title='bbox 851 2357 864 2503; x_wconf 92' lang='grc' dir='ltr'>Ι</span> <span class='ocrx_word' id='word_1_142' title='bbox 874 2417 1071 2439; x_wconf 55' lang='grc'><strong>------</strong></span> 
     </span>
    </p>
   </div>
   <div class='ocr_carea' id='block_1_10' title="bbox 301 2441 881 2633">
    <p class='ocr_par' dir='ltr' id='par_1_10' title="bbox 301 2441 881 2633">
     <span class='ocr_line' id='line_1_19' title="bbox 367 2441 804 2515; baseline 0.005 -17"><span class='ocrx_word' id='word_1_143' title='bbox 367 2457 442 2512; x_wconf 77' lang='lat' dir='ltr'>qaae</span> <span class='ocrx_word' id='word_1_144' title='bbox 463 2441 650 2513; x_wconf 68' lang='lat' dir='ltr'>splendicant</span> <span class='ocrx_word' id='word_1_145' title='bbox 666 2458 804 2515; x_wconf 77' lang='lat' dir='ltr'>perarnae.</span> 
     </span>
     <span class='ocr_line' id='line_1_20' title="bbox 301 2575 881 2633; baseline -0.021 -1"><span class='ocrx_word' id='word_1_146' title='bbox 301 2575 339 2632; x_wconf 83' lang='lat'>12</span> <span class='ocrx_word' id='word_1_147' title='bbox 368 2591 383 2632; x_wconf 91' lang='lat' dir='ltr'>e</span> <span class='ocrx_word' id='word_1_148' title='bbox 398 2601 440 2625; x_wconf 93' lang='lat'><strong><em>=</em></strong></span> <span class='ocrx_word' id='word_1_149' title='bbox 455 2576 465 2633; x_wconf 90' lang='lat' dir='ltr'>i</span> <span class='ocrx_word' id='word_1_150' title='bbox 480 2603 881 2628; x_wconf 58' lang='grc'><strong>------------</strong></span> 
     </span>
    </p>
   </div>
   <div class='ocr_carea' id='block_1_11' title="bbox 367 2665 1126 2877">
    <p class='ocr_par' dir='ltr' id='par_1_11' title="bbox 367 2665 1126 2877">
     <span class='ocr_line' id='line_1_21' title="bbox 367 2665 1126 2779; baseline 0.004 -26"><span class='ocrx_word' id='word_1_151' title='bbox 367 2694 426 2754; x_wconf 84' lang='lat' dir='ltr'>Sed</span> <span class='ocrx_word' id='word_1_152' title='bbox 448 2696 506 2754; x_wconf 88' lang='lat' dir='ltr'>iam</span> <span class='ocrx_word' id='word_1_153' title='bbox 521 2700 622 2769; x_wconf 80' lang='lat' dir='ltr'>pestes</span> <span class='ocrx_word' id='word_1_154' title='bbox 643 2697 716 2754; x_wconf 86' lang='lat' dir='ltr'>iliae</span> <span class='ocrx_word' id='word_1_155' title='bbox 740 2665 978 2770; x_wconf 76' lang='lat' dir='ltr'>taeterrimaeque</span> <span class='ocrx_word' id='word_1_156' title='bbox 999 2699 1099 2772; x_wconf 80' lang='lat' dir='ltr'>fartae</span> <span class='ocrx_word' id='word_1_157' title='bbox 1122 2692 1126 2779; x_wconf 96' lang='grc' dir='ltr'>Ι</span> 
     </span>
     <span class='ocr_line' id='line_1_22' title="bbox 368 2798 1089 2877; baseline 0.003 -21"><span class='ocrx_word' id='word_1_158' title='bbox 368 2801 396 2856; x_wconf 89' lang='lat' dir='ltr'>et</span> <span class='ocrx_word' id='word_1_159' title='bbox 415 2798 593 2870; x_wconf 78' lang='lat' dir='ltr'>festinantes</span> <span class='ocrx_word' id='word_1_160' title='bbox 614 2801 707 2873; x_wconf 78' lang='lat' dir='ltr'>inpia</span> <span class='ocrx_word' id='word_1_161' title='bbox 730 2800 877 2859; x_wconf 85' lang='lat' dir='ltr'>celeritate</span> <span class='ocrx_word' id='word_1_162' title='bbox 899 2801 1089 2877; x_wconf 81' lang='lat' dir='ltr'>navigabant.</span> 
     </span>
    </p>
   </div>
   <div class='ocr_carea' id='block_1_12' title="bbox 300 2933 1103 3602">
    <p class='ocr_par' dir='ltr' id='par_1_12' title="bbox 302 2933 1043 3241">
     <span class='ocr_line' id='line_1_23' title="bbox 302 2933 746 2994; baseline 0.009 -4"><span class='ocrx_word' id='word_1_163' title='bbox 302 2933 341 2990; x_wconf 85' lang='grc'>14</span> <span class='ocrx_word' id='word_1_164' title='bbox 368 2935 378 2991; x_wconf 89' lang='lat' dir='ltr'>i</span> <span class='ocrx_word' id='word_1_165' title='bbox 394 2960 435 2985; x_wconf 93' lang='lat'>=</span> <span class='ocrx_word' id='word_1_166' title='bbox 451 2953 466 2994; x_wconf 80' lang='lat'><strong>0</strong></span> <span class='ocrx_word' id='word_1_167' title='bbox 481 2962 746 2986; x_wconf 70' lang='grc'><strong>--------</strong></span> 
     </span>
     <span class='ocr_line' id='line_1_24' title="bbox 366 3051 1043 3138; baseline 0.004 -26"><span class='ocrx_word' id='word_1_168' title='bbox 366 3054 478 3129; x_wconf 75' lang='lat' dir='ltr'>annrn</span> <span class='ocrx_word' id='word_1_169' title='bbox 499 3057 644 3114; x_wconf 84' lang='lat' dir='ltr'>sarariam</span> <span class='ocrx_word' id='word_1_170' title='bbox 666 3073 845 3131; x_wconf 77' lang='lat' dir='ltr'>censpensae</span> <span class='ocrx_word' id='word_1_171' title='bbox 867 3056 1014 3127; x_wconf 80' lang='lat' dir='ltr'>factionis,</span> <span class='ocrx_word' id='word_1_172' title='bbox 1039 3051 1043 3138; x_wconf 97' lang='grc' dir='ltr'>Ι</span> 
     </span>
     <span class='ocr_line' id='line_1_25' title="bbox 366 3153 854 3241; baseline 0.008 -26"><span class='ocrx_word' id='word_1_173' title='bbox 366 3175 404 3216; x_wconf 90' lang='lat' dir='ltr'>ne</span> <span class='ocrx_word' id='word_1_174' title='bbox 420 3159 597 3232; x_wconf 76' lang='lat' dir='ltr'>parentibus</span> <span class='ocrx_word' id='word_1_175' title='bbox 620 3159 735 3233; x_wconf 76' lang='lat' dir='ltr'>anidern</span> <span class='ocrx_word' id='word_1_176' title='bbox 756 3161 827 3238; x_wconf 78' lang='lat' dir='ltr'>aisis</span> <span class='ocrx_word' id='word_1_177' title='bbox 850 3153 854 3241; x_wconf 98' lang='grc' dir='ltr'>Ι</span> 
     </span>
    </p>

    <p class='ocr_par' dir='ltr' id='par_1_13' title="bbox 300 3295 1103 3602">
     <span class='ocr_line' id='line_1_26' title="bbox 300 3295 969 3356; baseline 0.006 -4"><span class='ocrx_word' id='word_1_178' title='bbox 300 3295 412 3355; x_wconf 89' lang='lat' dir='ltr'>Ibidem</span> <span class='ocrx_word' id='word_1_179' title='bbox 434 3297 445 3354; x_wconf 91' lang='lat' dir='ltr'>i</span> <span class='ocrx_word' id='word_1_180' title='bbox 460 3323 502 3348; x_wconf 93' lang='lat'><strong><em>=</em></strong></span> <span class='ocrx_word' id='word_1_181' title='bbox 519 3315 534 3356; x_wconf 92' lang='lat' dir='ltr'>e</span> <span class='ocrx_word' id='word_1_182' title='bbox 554 3323 587 3348; x_wconf 71' lang='grc' dir='ltr'><strong><em>ω</em></strong></span> <span class='ocrx_word' id='word_1_183' title='bbox 600 3325 969 3348; x_wconf 76' lang='grc'><strong>-----------</strong></span> 
     </span>
     <span class='ocr_line' id='line_1_27' title="bbox 367 3412 1039 3499; baseline -0.003 -23"><span class='ocrx_word' id='word_1_184' title='bbox 367 3417 430 3476; x_wconf 89' lang='lat' dir='ltr'>Nec</span> <span class='ocrx_word' id='word_1_185' title='bbox 451 3420 601 3477; x_wconf 80' lang='lat' dir='ltr'>immernor</span> <span class='ocrx_word' id='word_1_186' title='bbox 621 3417 772 3492; x_wconf 73' lang='lat' dir='ltr'>Zepdaras</span> <span class='ocrx_word' id='word_1_187' title='bbox 793 3417 903 3493; x_wconf 78' lang='lat' dir='ltr'>repetis</span> <span class='ocrx_word' id='word_1_188' title='bbox 926 3417 1011 3476; x_wconf 85' lang='lat' dir='ltr'>edicti</span> <span class='ocrx_word' id='word_1_189' title='bbox 1035 3412 1039 3499; x_wconf 98' lang='grc' dir='ltr'>Ι</span> 
     </span>
     <span class='ocr_line' id='line_1_28' title="bbox 443 3516 1103 3602; baseline 0.001 -24.899"><span class='ocrx_word' id='word_1_190' title='bbox 443 3525 593 3595; x_wconf 79' lang='lat' dir='ltr'>susceptas</span> <span class='ocrx_word' id='word_1_191' title='bbox 615 3539 665 3582; x_wconf 85' lang='lat' dir='ltr'>eas</span> <span class='ocrx_word' id='word_1_192' title='bbox 686 3522 796 3596; x_wconf 76' lang='lat' dir='ltr'>premio</span> <span class='ocrx_word' id='word_1_193' title='bbox 819 3521 961 3594; x_wconf 79' lang='lat' dir='ltr'>spirantis</span> <span class='ocrx_word' id='word_1_194' title='bbox 984 3537 1076 3579; x_wconf 91' lang='lat' dir='ltr'>anrae</span> <span class='ocrx_word' id='word_1_195' title='bbox 1099 3516 1103 3602; x_wconf 96' lang='grc' dir='ltr'>Ι</span> 
     </span>
    </p>
   </div>
   <div class='ocr_carea' id='block_1_13' title="bbox 215 3643 1334 4044">
    <p class='ocr_par' dir='ltr' id='par_1_14' title="bbox 215 3643 1334 4044">
     <span class='ocr_line' id='line_1_29' title="bbox 303 3643 1334 3732; baseline 0 -20"><span class='ocrx_word' id='word_1_196' title='bbox 303 3655 341 3713; x_wconf 87' lang='grc'>15</span> <span class='ocrx_word' id='word_1_197' title='bbox 368 3655 470 3714; x_wconf 89' lang='lat' dir='ltr'>Denae</span> <span class='ocrx_word' id='word_1_198' title='bbox 493 3674 580 3732; x_wconf 85' lang='lat' dir='ltr'>pares</span> <span class='ocrx_word' id='word_1_199' title='bbox 602 3655 738 3731; x_wconf 87' lang='lat' dir='ltr'>syllabae</span> <span class='ocrx_word' id='word_1_200' title='bbox 765 3655 839 3714; x_wconf 89' lang='lat' dir='ltr'>haee</span> <span class='ocrx_word' id='word_1_201' title='bbox 860 3656 945 3714; x_wconf 91' lang='lat' dir='ltr'>initia</span> <span class='ocrx_word' id='word_1_202' title='bbox 967 3655 1044 3714; x_wconf 85' lang='lat' dir='ltr'>inter</span> <span class='ocrx_word' id='word_1_203' title='bbox 1071 3671 1102 3714; x_wconf 91' lang='lat' dir='ltr'>se</span> <span class='ocrx_word' id='word_1_204' title='bbox 1125 3643 1334 3730; x_wconf 87' lang='lat' dir='ltr'>respondentia</span> 
     </span>
     <span class='ocr_line' id='line_1_30' title="bbox 215 3756 726 3817; baseline -0.002 0"><span class='ocrx_word' id='word_1_205' title='bbox 215 3756 357 3817; x_wconf 86' lang='lat' dir='ltr'>reddunt:</span> <span class='ocrx_word' id='word_1_206' title='bbox 380 3784 726 3810; x_wconf 65' lang='grc' dir='ltr'><strong>-υυ--υ-υυ-«υ</strong></span> 
     </span>
     <span class='ocr_line' id='line_1_31' title="bbox 369 3854 1069 3942; baseline -0.001 -22"><span class='ocrx_word' id='word_1_207' title='bbox 369 3859 591 3921; x_wconf 77' lang='lat' dir='ltr'>dissimulanter</span> <span class='ocrx_word' id='word_1_208' title='bbox 612 3864 759 3936; x_wconf 74' lang='lat' dir='ltr'>accipiant</span> <span class='ocrx_word' id='word_1_209' title='bbox 779 3861 929 3934; x_wconf 81' lang='lat' dir='ltr'>sciscitari,</span> <span class='ocrx_word' id='word_1_210' title='bbox 953 3854 958 3942; x_wconf 97' lang='grc' dir='ltr'>Ι</span> <span class='ocrx_word' id='word_1_211' title='bbox 984 3903 986 3907; x_wconf 85' lang='lat'><em>-</em></span> <span class='ocrx_word' id='word_1_212' title='bbox 1067 3894 1069 3898; x_wconf 80' lang='lat'><em>.</em></span> 
     </span>
     <span class='ocr_line' id='line_1_32' title="bbox 369 3958 1006 4044; baseline -0.005 -20"><span class='ocrx_word' id='word_1_213' title='bbox 369 3966 467 4038; x_wconf 76' lang='lat' dir='ltr'>anatis</span> <span class='ocrx_word' id='word_1_214' title='bbox 490 3966 663 4024; x_wconf 83' lang='lat' dir='ltr'>eimaritns</span> <span class='ocrx_word' id='word_1_215' title='bbox 685 3969 715 4024; x_wconf 89' lang='lat' dir='ltr'>et</span> <span class='ocrx_word' id='word_1_216' title='bbox 733 3965 813 4023; x_wconf 86' lang='lat' dir='ltr'>ande</span> <span class='ocrx_word' id='word_1_217' title='bbox 833 3963 977 4022; x_wconf 87' lang='lat' dir='ltr'>natalium</span> <span class='ocrx_word' id='word_1_218' title='bbox 1002 3958 1006 4044; x_wconf 99' lang='grc' dir='ltr'>Ι</span> 
     </span>
    </p>
   </div>
   <div class='ocr_carea' id='block_1_14' title="bbox 205 4093 1336 4285">
    <p class='ocr_par' dir='ltr' id='par_1_15' title="bbox 205 4093 1336 4285">
     <span class='ocr_line' id='line_1_33' title="bbox 205 4093 1334 4178; baseline -0.005 -17"><span class='ocrx_word' id='word_1_219' title='bbox 205 4136 206 4140; x_wconf 62' lang='lat'><em>=</em></span> <span class='ocrx_word' id='word_1_220' title='bbox 300 4101 430 4162; x_wconf 87' lang='lat' dir='ltr'>ibidem:</span> <span class='ocrx_word' id='word_1_221' title='bbox 452 4103 516 4162; x_wconf 86' lang='lat' dir='ltr'>Nec</span> <span class='ocrx_word' id='word_1_222' title='bbox 536 4119 670 4162; x_wconf 85' lang='lat' dir='ltr'>sermone</span> <span class='ocrx_word' id='word_1_223' title='bbox 692 4101 748 4160; x_wconf 90' lang='lat' dir='ltr'>isto</span> <span class='ocrx_word' id='word_1_224' title='bbox 771 4100 935 4158; x_wconf 86' lang='lat' dir='ltr'>tantillam</span> <span class='ocrx_word' id='word_1_225' title='bbox 957 4102 1091 4158; x_wconf 88' lang='lat' dir='ltr'>morata</span> <span class='ocrx_word' id='word_1_226' title='bbox 1115 4093 1119 4178; x_wconf 97' lang='grc' dir='ltr'>Ι</span> <span class='ocrx_word' id='word_1_227' title='bbox 1141 4113 1259 4156; x_wconf 86' lang='lat' dir='ltr'>rnrsarn</span> <span class='ocrx_word' id='word_1_228' title='bbox 1274 4097 1334 4172; x_wconf 80' lang='lat' dir='ltr'>api-</span> 
     </span>
     <span class='ocr_line' id='line_1_34' title="bbox 209 4197 1336 4285; baseline -0.004 -21"><span class='ocrx_word' id='word_1_229' title='bbox 209 4206 297 4278; x_wconf 79' lang='lat' dir='ltr'>pan&#39;e</span> <span class='ocrx_word' id='word_1_230' title='bbox 318 4204 487 4264; x_wconf 75' lang='lat' dir='ltr'>maneribus</span> <span class='ocrx_word' id='word_1_231' title='bbox 511 4223 565 4264; x_wconf 87' lang='lat' dir='ltr'>eas</span> <span class='ocrx_word' id='word_1_232' title='bbox 592 4207 738 4264; x_wconf 86' lang='lat' dir='ltr'>onustas</span> <span class='ocrx_word' id='word_1_233' title='bbox 761 4197 766 4285; x_wconf 96' lang='grc' dir='ltr'>Ι</span> <span class='ocrx_word' id='word_1_234' title='bbox 790 4206 912 4262; x_wconf 84' lang='lat' dir='ltr'>ventosa</span> <span class='ocrx_word' id='word_1_235' title='bbox 929 4202 1063 4262; x_wconf 76' lang='lat' dir='ltr'>dedicata</span> <span class='ocrx_word' id='word_1_236' title='bbox 1081 4201 1211 4260; x_wconf 85' lang='lat' dir='ltr'>reddidit</span> <span class='ocrx_word' id='word_1_237' title='bbox 1231 4199 1254 4277; x_wconf 85' lang='lat' dir='ltr'>(i</span> <span class='ocrx_word' id='word_1_238' title='bbox 1266 4218 1336 4259; x_wconf 90' lang='lat' dir='ltr'>=e</span> 
     </span>
    </p>
   </div>
   <div class='ocr_carea' id='block_1_15' title="bbox 214 4308 504 4387">
    <p class='ocr_par' dir='ltr' id='par_1_16' title="bbox 214 4308 504 4387">
     <span class='ocr_line' id='line_1_35' title="bbox 214 4308 504 4387; baseline -0.007 -27"><span class='ocrx_word' id='word_1_239' title='bbox 214 4335 480 4360; x_wconf 49' lang='lat' dir='ltr'>eeeeeeee</span> <span class='ocrx_word' id='word_1_240' title='bbox 484 4308 504 4387; x_wconf 77' lang='grc' dir='ltr'>Ι,</span> 
     </span>
    </p>
   </div>
   <div class='ocr_carea' id='block_1_16' title="bbox 1134 4419 1165 4476">
    <p class='ocr_par' dir='ltr' id='par_1_17' title="bbox 1134 4419 1165 4476">
     <span class='ocr_line' id='line_1_36' title="bbox 1134 4419 1165 4476; baseline 0 -24"><span class='ocrx_word' id='word_1_241' title='bbox 1134 4419 1165 4476; x_wconf 68' lang='lat'>5*</span> 
     </span>
    </p>
   </div>
   <div class='ocr_carea' id='block_1_17' title="bbox 0 0 1632 4918">
    <p class='ocr_par' dir='ltr' id='par_1_18' title="bbox 0 0 1632 4918">
     <span class='ocr_line' id='line_1_37' title="bbox 0 0 1632 4918; baseline 0 0"><span class='ocrx_word' id='word_1_242' title='bbox 0 0 1632 4918; x_wconf 95' lang='lat' dir='ltr'> </span> 
     </span>
    </p>
   </div>
  </div>
 </body>
</html>
