3218 4918
644 269 859 327 -15-

189 443 306 501 modum
330 441 425 513 auxit,
453 458 487 500 eo
511 457 697 516 progressus,
724 444 756 498 ut
777 439 863 515 pedis
886 439 986 500 cretici
1013 439 1205 500 fundamento
1227 441 1314 499 nixus

189 549 284 605 totum
299 547 428 618 systema
444 543 597 601 clausulae
608 542 774 601 rhetoricae
787 543 938 618 explicare
950 545 1114 618 temptaret.
1138 544 1214 600 Tum
1226 543 1313 600 etiam

191 646 333 719 Gatscha,
363 647 475 720 Meyeri
498 644 602 704 studiis
626 649 799 718 commotus,
831 645 862 702 in
884 644 1090 704 dissertatione
1117 647 1180 720 „De
1203 646 1314 721 Apulei

191 757 325 809 sermone
347 749 475 806 numeris
497 747 657 807 adstrietc“
684 748 802 823 scripta,
822 748 992 806 enucleavit
1013 749 1044 804 in
1060 749 1203 808 clausulis
1223 749 1315 807 Meta·

192 851 390 928 morphoseon
431 851 541 908 exitum
584 851 723 909 creticum
760 851 852 908 multo
889 849 1108 925 praedominari
1120 850 1143 927 ¹)
1180 851 1315 926 interque

193 958 333 1014 centenas
364 953 514 1012 clausulas
542 969 705 1027 sexagenas
727 951 812 1010 binas
835 951 898 1010 fere
922 953 1045 1010 creticae
1069 970 1133 1011 esse
1157 953 1316 1011 contendit.

192 1059 284 1116 Porro
307 1056 405 1115 Julius
428 1054 522 1113 Wolff
550 1056 570 1112 l.
595 1073 618 1113 e.
649 1055 814 1113 clausulam
844 1055 983 1114 creticam
1005 1055 1037 1112 in
1060 1053 1210 1114 Ciceronis
1232 1056 1317 1114 libris

192 1159 340 1234 insignem
376 1159 475 1215 locum
512 1160 613 1214 tenere
651 1157 787 1233 exposuit
820 1157 969 1232 variisque
1004 1158 1148 1233 exemplis
1180 1157 1318 1232 probavit

194 1261 364 1320 creticum
394 1263 475 1317 ante
498 1259 669 1334 quaedam
692 1277 826 1335 genera
849 1259 1122 1317 conclusionum
1144 1277 1317 1336 persaepe

194 1363 347 1438 positum
381 1379 470 1434 esse,
503 1362 687 1437 potissimum
717 1365 785 1420 ante
815 1363 1015 1420 clausulam
1045 1361 1317 1434 ditrochaicam,

194 1482 404 1540 nonnunquam
445 1464 533 1522 etiam
574 1467 643 1522 ante
681 1465 902 1522 clausulam
938 1463 1316 1540 hypodochmiacam

195 1593 384 1624 ,,,,,,
391 1565 417 1644 ι)

282 1669 361 1740 Quid
383 1669 500 1727 omnino
524 1668 561 1726 de
584 1668 728 1726 clausulis
749 1668 927 1743 Apuleianis
949 1668 1139 1727 iudicandum
1162 1671 1212 1742 sit,
1239 1669 1317 1728 inira

194 1773 227 1830 in
256 1773 315 1831 alio
346 1772 442 1848 capite
473 1771 592 1846 copiose
622 1770 831 1846 disputabitur:
861 1788 940 1829 nune
964 1770 1004 1829 de
1027 1772 1177 1830 creticis
1200 1772 1317 1830 abunde

195 1875 228 1932 in
249 1873 533 1950 Metamorphosibus
557 1873 739 1932 exstantibus
761 1874 866 1950 agitm·.

282 1977 343 2034 Iam
366 1976 400 2036 G.
414 1977 516 2050 Meyer
544 1977 565 2034 l.
588 1993 613 2034 e.
643 1975 679 2034 de
710 1993 765 2034 usu
796 1976 969 2034 ereticorum
996 1975 1070 2034 haec
1092 1977 1167 2035 bene
1190 1978 1316 2036 notavit:

199 2079 252 2153 „In
282 2079 334 2138 der
363 2077 544 2137 Dichtlrunst
573 2079 612 2136 ist
643 2077 739 2136 dieser
767 2077 840 2136 Fuls
869 2078 953 2136 nicht
981 2083 1034 2156 gut
1063 2097 1099 2137 zu
1129 2079 1318 2156 gebrauchen

196 2182 257 2240 und
279 2181 362 2240 nicht
384 2181 445 2239 viel
467 2179 641 2256 gebraucht;
665 2199 713 2238 um
736 2198 768 2239 so
792 2181 963 2256 geeigneter
984 2182 1022 2240 ist
1045 2199 1076 2239 er
1092 2181 1140 2239 fiir
1155 2182 1203 2240 die
1218 2183 1318 2255 Prosa‚

196 2284 257 2342 und
287 2283 334 2342 die
362 2285 443 2341 alten
465 2282 684 2341 Redekiinstler
706 2282 804 2341 haben
825 2283 888 2341 dies
911 2283 955 2341 oft
977 2301 1036 2342 von
1058 2282 1118 2341 ihm
1141 2283 1316 2361 ge1·iihmt.³)

283 2385 509 2460 Quantopere
542 2385 719 2461 Apuleius
753 2385 899 2444 creticis
932 2384 1077 2458 faverit,
1110 2384 1184 2444 haee
1214 2386 1318 2444 tabula

198 2489 282 2547 testis
305 2487 386 2564 este)

267 2655 287 2722 ¹)
305 2653 337 2706 In
355 2653 448 2708 tabula
466 2652 646 2706 clausularum
666 2653 774 2708 Metam.
792 2667 873 2722 quam
891 2653 998 2721 adiecit,
1016 2653 1087 2707 inter
1105 2658 1170 2708 23211
1184 2653 1320 2708 clausulas

200 2742 265 2792 1432
283 2743 390 2793 exstare
409 2739 523 2792 creticae
541 2739 654 2792 notavit.
690 2738 730 2792 At
746 2738 947 2807 respiciendum
965 2745 1008 2793 est
1019 2739 1095 2794 illum
1107 2740 1195 2794 virum
1208 2740 1320 2794 doctum

199 2825 295 2894 longas
303 2823 431 2894 syllabas,
444 2828 586 2892 poetarum
594 2823 673 2891 leges
682 2829 814 2893 secutum,
827 2825 934 2878 solvere
946 2841 1000 2878 non
1009 2825 1098 2879 vereri
1111 2831 1140 2879 et
1151 2825 1206 2880 duo
1220 2841 1321 2894 genera

198 2910 378 2964 clausularum
397 2909 555 2964 creticarum
574 2909 749 2978 distinguere,
769 2908 884 2963 alterum
901 2925 996 2979 genus,
1015 2910 1062 2964 ubi
1080 2911 1196 2964 creticus
1214 2911 1320 2965 insede

199 2993 300 3062 ultima,
319 2993 441 3062 alterum,
462 2991 510 3046 ubi
527 2992 554 3044 in
572 2992 640 3046 sede
658 2991 823 3060 paenultima
840 2992 947 3060 positus
966 2997 1015 3046 est.

284 3077 453 3146 ²)Zielinski
472 3077 690 3132 dissertationem
700 3076 804 3132 Wolffii
821 3077 1012 3132 recensensD.
1026 3079 1056 3131 L.
1069 3079 1096 3132 Z.
1114 3083 1174 3132 1901
1189 3095 1234 3134 no.
1244 3081 1321 3148 51152

199 3163 276 3216 dicit:
301 3162 387 3231 „Alae
411 3163 511 3230 gingen
528 3163 672 3216 siimtlichc
689 3161 846 3216 Klauseln'
839 3177 866 3215 ιιι
884 3162 971 3216 die
948 3179 1009 3216 eme
1027 3162 1085 3230 auf,
1110 3163 1163 3218 den
1182 3163 1322 3233 Kretihus‚

199 3250 248 3303 mit
264 3247 481 3316 nachfolgcnder
499 3252 514 3302 2
532 3247 574 3302 bis
593 3248 727 3316 5silbiger
744 3247 929 3302 trochiiischer
945 3248 1136 3302 Kadenz-
1144 3250 1220 3317 --Ι
1229 3251 1320 3319 cz}

250 3333 461 3388 -.Damitis
462 3333 567 3386 tauch
592 3333 637 3386 die
661 3337 707 3386 nat
696 3332 809 3387 tiirliche
831 3333 1013 3402 Reihenfolge
1037 3333 1086 3386 der
1103 3333 1323 3388 Einzelhlauselu

200 3365 338 3486 gegeben,
362 3418 447 3472 sowie
472 3417 521 3471 der
543 3417 785 3472 stellvertretende
803 3417 939 3472 Molossus
963 3435 1018 3472 von
1042 3418 1091 3472 der
1115 3423 1138 3472 2
1157 3418 1272 3474 Klausel
1289 3435 1323 3472 an

200 3503 423 3570 (Ka-lu
448 3503 605 3570 3·-)aus
623 3503 686 3557 dem
705 3502 799 3557 Geisle
818 3503 867 3556 der
884 3508 930 3556 ant
919 3503 995 3558 tihen
1012 3503 1113 3557 Metrik
1132 3503 1245 3573 erkliirt‚
1268 3521 1323 3558 wo·

199 3587 269 3642 nach
293 3587 342 3642 der
365 3559 447 3641 letzte
435 3523 664 3656 vuvollstiindige
677 3586 744 3641 Fuss
768 3588 826 3641 rein
850 3604 883 3641 au
906 3587 1017 3642 bleiben
1039 3588 1111 3641 hat.“
1155 3589 1263 3644 Revera
1286 3589 1325 3642 di·

200 3673 317 3728 choreus
330 3697 361 3717 =
376 3673 491 3726 creticus
504 3679 531 3734 1-
544 3688 597 3726 una
615 3671 723 3743 syllaba
741 3677 795 3739 est;
813 3687 903 3740 neque
921 3688 988 3727 vero
1007 3672 1129 3727 clausula
1144 3705 1238 3726 -υ-
1247 3713 1272 3720 -
1285 3704 1319 3729 ω

199 3757 266 3810 nihil
284 3757 358 3812 aliud
376 3761 419 3812 est
436 3771 469 3811 ae
486 3758 541 3812 duo
560 3757 655 3812 cretici
673 3787 706 3796 -
723 3771 777 3811 una
794 3757 912 3826 syllaba!

286 3844 307 3912 ³)
325 3843 433 3898 Terent.
447 3843 530 3897 Maur.
544 3842 569 3898 V
585 3848 700 3910 illiso.
736 3842 768 3896 G.
782 3842 811 3896 L.
825 3843 859 3896 K.
872 3842 912 3897 Vl
923 3846 971 3896 368
996 3842 1136 3911 „Optimus
1154 3858 1205 3911 pes
1223 3847 1251 3897 et
1268 3858 1323 3897 me·

199 3926 271 3980 lodis
290 3931 318 3981 et
334 3928 457 3996 pedestri
474 3927 603 3997 gloriae.“
639 3927 749 3992 Quintil.
761 3927 822 3981 inst.
836 3943 874 3982 or.
887 3927 927 3981 IX
941 3935 962 3980 1.
977 3933 1022 3981 1111
1042 3927 1182 3997 „Creticus
1200 3932 1228 3981 et
1239 3928 1323 3982 initiis

199 4013 318 4083 optimus
337 4019 365 4068 et
382 4014 535 4069 clausulis.“
571 4014 611 4069 ef.
630 4014 761 4072 Victorin.
781 4014 816 4068 de
835 4031 922 4082 comp.
941 4013 1015 4083 apud
1032 4013 1172 4082 Rufinum,
1198 4013 1233 4069 de
1250 4031 1322 4068 num.

200 4103 266 4154 orat.
279 4099 312 4154 G.
325 4101 355 4154 L.
368 4101 402 4153 K.
412 4100 452 4155 Vl
465 4105 523 4154 1113.
538 4104 569 4154 18
594 4104 622 4154 et
645 4099 700 4154 Jul.
710 4099 819 4169 Victor,
838 4105 886 4154 art.
899 4100 967 4154 rhet.
985 4115 1008 4154 c.
1021 4103 1053 4152 20
1071 4115 1098 4168 p.
1111 4103 1160 4152 433
1180 4099 1222 4154 ed.
1234 4100 1322 4153 Halm

285 4187 307 4253 ⁴)
325 4187 382 4240 Eos
400 4189 505 4240 tantum
528 4185 608 4240 locos
632 4187 757 4240 exscribc
776 4186 823 4254 qui
846 4201 900 4239 non
918 4185 1007 4239 minus
1026 4200 1107 4252 quam
1124 4188 1217 4240 ternos
1234 4187 1321 4256 pedes

199 4271 316 4326 creticos
334 4270 473 4325 exhibent.
