3218 4918
631 257 842 314 ..23-

257 429 447 502 Quaeramus,
464 429 555 488 unde
571 431 618 488 sit
633 429 777 502 factum,
793 433 830 488 ut
844 430 1021 506 Apuleius
1037 431 1081 489 iis
1101 431 1216 489 tribus
1235 431 1293 490 vel

172 537 341 610 quattuor
365 534 542 591 clausulis
566 550 647 607 quas
670 533 812 591 Norden
839 533 1094 607 „rhythmicas“
1117 535 1294 609 appellat,

172 637 435 698 studiosissime
458 638 628 694 uteretur.
672 636 733 693 Iam
756 635 834 694 idem
856 635 1028 712 philologus
1051 639 1161 694 rectam
1183 638 1215 694 in
1237 636 1293 695 hac

172 740 344 816 quaestione
366 740 444 796 viam
467 735 610 796 indicavit
633 741 661 796 et
683 739 829 814 sagaciter
851 739 989 814 probavit
1012 740 1197 814 scriptorem,
1224 739 1293 797 item

171 847 260 918 atque
287 844 319 900 in
341 845 404 900 tota
431 841 579 900 scribendi
602 841 728 912 ratione,
758 839 800 898 ita
826 841 857 898 in
881 841 1026 917 eligendis
1054 843 1197 900 clausulis
1223 859 1292 900 nco-

171 946 369 1022 sophistarum
397 943 575 1003 Graecorum
603 945 814 1003 aemulatorem
841 945 1013 1020 diligentem
1042 945 1188 1004 exstitisse
1219 949 1292 1020 quos

171 1048 289 1124 quidem
312 1047 359 1105 his
382 1047 566 1123 potissimum
590 1046 829 1104 conclusionibus
850 1045 965 1105 deditos
980 1046 1072 1106 inisse
1088 1048 1188 1105 multis
1204 1051 1293 1122 atque

171 1151 331 1228 aptissimis
368 1151 512 1226 exemplis
545 1151 577 1206 in
609 1149 686 1208 libro
721 1149 841 1225 egregio
874 1150 1044 1207 illustravit.
1104 1149 1292 1226 Quantopere

171 1253 374 1311 Madaurensis
397 1252 516 1310 abillis
539 1251 679 1327 sophistis
702 1251 839 1326 pendeat,
861 1251 919 1308 iam
942 1269 1031 1328 supra
1052 1271 1080 1328 p.
1100 1253 1171 1327 lsq.
1195 1253 1292 1328 tetigi3

173 1361 271 1414 tamen
293 1372 401 1432 operae
420 1357 547 1430 pretium
567 1357 612 1412 est
626 1354 675 1412 hic
691 1372 869 1430 cognoscere
892 1372 968 1430 quae
987 1355 1108 1413 Norden
1128 1355 1165 1414 dc
1180 1357 1292 1431 Apulei

172 1459 301 1518 dictione
323 1475 479 1516 numerosa
502 1461 672 1533 comparata
695 1475 760 1516 cum
782 1458 896 1516 ratione
917 1457 1113 1533 sophistarum
1132 1458 1292 1534 notavit:¹)

173 1562 372 1636 „Graecorum
402 1560 452 1619 adi
486 1561 548 1618 eius
582 1561 688 1618 aetatis
721 1563 873 1619 auctorum
907 1561 1017 1636 scripta
1049 1564 1082 1618 ut
1114 1561 1291 1634 Polemonis,

169 1665 310 1737 Herodis,
342 1663 482 1736 Adriani,
515 1663 712 1738 sophistarum
745 1664 988 1736 declamationes,
1021 1663 1194 1724 Philostrati
1222 1665 1291 1740 lege

169 1769 248 1826 vitas
278 1771 307 1825 ct
336 1785 412 1842 quae
441 1767 472 1824 in
501 1766 548 1825 his
577 1765 741 1824 afferuntur
772 1765 922 1824 rhetorum
951 1766 1129 1842 fragmenta:
1158 1770 1290 1826 veterum

171 1869 367 1944 sophistarum
389 1869 521 1944 germina
545 1869 691 1926 consimili
713 1869 744 1925 in
766 1885 838 1944 agro
861 1869 1199 1945 luxuriosepullnlasse
1221 1873 1251 1928 et
1273 1889 1291 1928 a

172 1972 292 2032 Graecis
321 1971 359 2030 ad
381 1972 503 2030 Latinos
534 1974 669 2029 auctores
695 1971 788 2028 veluti
810 1971 982 2043 Minucium,
1013 1972 1187 2046 Apuleium,
1217 1973 1290 2030 Ter-

169 2077 327 2134 tullianum
354 2077 520 2150 propagata
543 2091 607 2132 esse
631 2076 823 2149 cognosces,“
852 2075 914 2131 vel:
945 2074 1089 2150 „Gorgias
1111 2076 1255 2150 Hegesias
1265 2076 1291 2152 ²)

169 2178 230 2236 und
263 2176 482 2252 ihresgleichen
516 2176 582 2234 sind
617 2175 664 2234 die
698 2175 1005 2236 Geistesvcruandten
1038 2176 1134 2235 dieses
1163 2177 1289 2252 Sprach-

169 2281 334 2352 zauberers,
356 2279 417 2337 und
439 2279 542 2336 hatten
564 2279 617 2336 wir
639 2278 691 2336 des
706 2278 872 2336 Aristeides
895 2278 967 2336 oder
989 2280 1085 2337 seinos
1100 2265 1290 2340 iibersetners

168 2382 339 2442 Milesische
362 2381 567 2454 Geschichten,
591 2399 622 2440 so
645 2381 767 2439 wdrden
788 2382 842 2438 uir
864 2381 922 2439 den
937 2381 1190 2458 Zusammenhang
1212 2383 1290 2442 noch

171 2485 273 2543 klarer
296 2483 545 2543 durchschauen.“
559 2483 584 2560 ³)
1286 2541 1287 2548 ,

256 2589 298 2646 Re
325 2605 396 2645 vera
423 2586 487 2645 iere
515 2604 710 2662 unaquaeque
741 2587 887 2646 sententia
911 2586 1188 2663 Metamorphoseon
1214 2591 1289 2647 tota·

171 2707 229 2765 que
258 2690 354 2766 capita
384 2690 446 2748 illis
470 2691 612 2748 clausulis
635 2689 849 2748 abundant-
873 2705 948 2764 quae
971 2693 1021 2748 aut
1043 2691 1129 2748 unius
1151 2692 1290 2750 vocabuli

169 2796 221 2851 aut
252 2793 380 2869 plurium
414 2791 690 2868 comprehensiones
728 2809 792 2851 esse
829 2796 953 2867 possunt
986 2827 1029 2834 —
1065 2793 1179 2869 inspice
1215 2794 1289 2854 haec

169 2897 320 2972 exempla:
370 2919 371 2922 ¹

253 2999 330 3056 vla
359 2997 460 3075 (finem
489 3014 610 3073 precum
640 2997 795 3070 aPsyehe
825 2995 862 3054 ad
885 2997 1021 3056 (tererem
1043 2998 1187 3075 missam):
1222 3002 1290 3072 „vel

167 3103 311 3178 pauculos
335 3101 398 3159 dies
422 3101 603 3170 delitescam,
628 3099 728 3174 quoad
751 3099 824 3157 deae
846 3102 946 3156 tantae
969 3102 1101 3158 saeviens
1123 3103 1170 3158 ire
1193 3103 1288 3177 spatio

167 3206 308 3281 temporis
340 3206 491 3278 mitigetur
518 3205 568 3262 vel
599 3207 677 3261 certe
707 3219 789 3261 meae
818 3203 896 3260 vires
924 3201 1036 3260 diutino
1063 3203 1163 3261 labore
1191 3206 1289 3277 fessae

168 3309 275 3383 quietis
297 3308 457 3366 intervallo
482 3305 693 3382 teotonicae)

252 3411 301 3467 vel
325 3409 426 3466 11110
453 3409 602 3482 ,.·..risus
624 3407 718 3466 libere
740 3407 798 3464 iam
819 3409 932 3466 exarsit
947 3409 978 3464 ia
986 3408 1118 3480 plebem:
1142 3407 1172 3464 hi
1184 3407 1288 3483 gaudii

167 3513 318 3588 nimietate
348 3513 508 3586 gratulari,
538 3512 586 3568 illi
617 3511 748 3568 dolorem
779 3511 890 3568 ventris
913 3527 1051 3568 manuum
1074 3512 1289 3585 compressione

253 3730 274 3794 ¹)
293 3728 336 3782 De
353 3728 469 3784 Minucii
480 3728 537 3782 Fel.
549 3733 603 3782 aet.
616 3733 644 3782 et
660 3742 721 3796 gen.
735 3727 787 3781 dic.
805 3744 832 3796 p.
847 3732 886 3781 16.
1146 3777 1148 3783 ,

252 3813 275 3879 a)
297 3813 402 3877 Quanto
421 3813 513 3868 studio
526 3813 622 3868 Cicero
634 3812 772 3882 Hegesiae
790 3828 869 3867 usum
887 3811 1066 3866 clausularum
1078 3811 1287 3880 rhythmicarum

166 3897 316 3953 aemulatus
343 3899 378 3954 sit
404 3901 436 3954 E.
457 3899 571 3953 Mueller
597 3899 614 3952 l.
637 3916 659 3952 c.
687 3898 819 3967 exemplis
845 3898 912 3952 satis
938 3895 1082 3952 manifesto
1109 3897 1226 3951 firmavit
1252 3896 1287 3952 cf.

166 3982 346 4050 appendicem
364 3985 429 4040 diss.
448 3985 556 4038 citatae.
912 4007 913 4010 ¹
938 4005 939 4008 ¹
1081 4005 1082 4008 ¹

252 4069 272 4133 ³)
291 4065 324 4122 A.
333 4069 372 4128 K,
390 4086 417 4138 p.
430 4073 487 4124 602.
1254 4111 1256 4115 .

251 4154 274 4222 ⁴)
292 4155 354 4209 Hoc
376 4155 440 4210 loeo
464 4161 507 4209 ter
529 4153 678 4210 clausulam
702 4153 896 4210 ditrochaicam
919 4169 969 4224 per
992 4169 1074 4208 uuum
1101 4153 1214 4209 verbum
1241 4169 1287 4208 ex-

164 4254 287 4309 pressam
304 4240 429 4309 legimus.
1060 4253 1061 4256 ’
