<?xml version="1.0" encoding="UTF-8"?>
<!DOCTYPE html PUBLIC "-//W3C//DTD XHTML 1.0 Transitional//EN"
    "http://www.w3.org/TR/xhtml1/DTD/xhtml1-transitional.dtd">
<html xmlns="http://www.w3.org/1999/xhtml" xml:lang="en" lang="en">
 <head>
  <title>
</title>
<meta http-equiv="Content-Type" content="text/html;charset=utf-8" />
  <meta name='ocr-system' content='tesseract 3.04.00' />
  <meta name='ocr-capabilities' content='ocr_page ocr_carea ocr_par ocr_line ocrx_word'/>
</head>
<body>
  <div class='ocr_page' id='page_1' title='image "./deapuleimetamor00schogoog_0034.png"; bbox 0 0 3218 4918; ppageno 0'>
   <div class='ocr_carea' id='block_1_1' title="bbox 639 301 850 360">
    <p class='ocr_par' dir='ltr' id='par_1_1' title="bbox 639 301 850 360">
     <span class='ocr_line' id='line_1_1' title="bbox 639 301 850 360; baseline -0.009 -14"><span class='ocrx_word' id='word_1_1' title='bbox 639 301 850 360; x_wconf 76' lang='lat'>...25-</span> 
     </span>
    </p>
   </div>
   <div class='ocr_carea' id='block_1_2' title="bbox 107 473 1308 859">
    <p class='ocr_par' dir='ltr' id='par_1_2' title="bbox 107 473 1308 859">
     <span class='ocr_line' id='line_1_2' title="bbox 186 473 1306 550; baseline -0.001 -16"><span class='ocrx_word' id='word_1_2' title='bbox 186 475 236 534; x_wconf 81' lang='lat' dir='ltr'>to“</span> <span class='ocrx_word' id='word_1_3' title='bbox 266 473 366 546; x_wconf 77' lang='lat' dir='ltr'>inquit</span> <span class='ocrx_word' id='word_1_4' title='bbox 396 473 465 547; x_wconf 89' lang='lat' dir='ltr'>„qui</span> <span class='ocrx_word' id='word_1_5' title='bbox 492 476 551 531; x_wconf 91' lang='lat' dir='ltr'>tam</span> <span class='ocrx_word' id='word_1_6' title='bbox 572 473 691 547; x_wconf 81' lang='lat' dir='ltr'>fortiter</span> <span class='ocrx_word' id='word_1_7' title='bbox 713 474 794 547; x_wconf 81' lang='lat' dir='ltr'>fores</span> <span class='ocrx_word' id='word_1_8' title='bbox 816 473 987 543; x_wconf 65' lang='lat' dir='ltr'>embadali,</span> <span class='ocrx_word' id='word_1_9' title='bbox 997 473 1019 550; x_wconf 84' lang='lat'>¹)</span> <span class='ocrx_word' id='word_1_10' title='bbox 1049 474 1103 532; x_wconf 89' lang='lat' dir='ltr'>sub</span> <span class='ocrx_word' id='word_1_11' title='bbox 1126 492 1185 548; x_wconf 89' lang='lat' dir='ltr'>qua</span> <span class='ocrx_word' id='word_1_12' title='bbox 1207 475 1306 550; x_wconf 89' lang='lat' dir='ltr'>speeie</span> 
     </span>
     <span class='ocr_line' id='line_1_3' title="bbox 184 576 1307 653; baseline -0.002 -16"><span class='ocrx_word' id='word_1_13' title='bbox 184 577 317 637; x_wconf 72' lang='grc'><strong>1111116111·</strong></span> <span class='ocrx_word' id='word_1_14' title='bbox 345 576 447 650; x_wconf 79' lang='lat' dir='ltr'>eopia?</span> <span class='ocrx_word' id='word_1_15' title='bbox 489 577 539 634; x_wconf 89' lang='lat' dir='ltr'>An</span> <span class='ocrx_word' id='word_1_16' title='bbox 568 579 600 634; x_wconf 88' lang='lat' dir='ltr'>tu</span> <span class='ocrx_word' id='word_1_17' title='bbox 626 577 708 635; x_wconf 81' lang='lat' dir='ltr'>solos</span> <span class='ocrx_word' id='word_1_18' title='bbox 730 579 853 650; x_wconf 75' lang='lat' dir='ltr'>iquoros</span> <span class='ocrx_word' id='word_1_19' title='bbox 874 580 993 653; x_wconf 89' lang='lat' dir='ltr'>praeter</span> <span class='ocrx_word' id='word_1_20' title='bbox 1015 594 1117 634; x_wconf 87' lang='lat' dir='ltr'>aurum</span> <span class='ocrx_word' id='word_1_21' title='bbox 1140 580 1307 652; x_wconf 84' lang='lat' dir='ltr'>argentum·</span> 
     </span>
     <span class='ocr_line' id='line_1_4' title="bbox 107 679 1308 757; baseline 0.001 -19"><span class='ocrx_word' id='word_1_22' title='bbox 107 738 110 746; x_wconf 82' lang='grc'><em>,</em></span> <span class='ocrx_word' id='word_1_23' title='bbox 186 698 243 757; x_wconf 88' lang='lat' dir='ltr'>que</span> <span class='ocrx_word' id='word_1_24' title='bbox 265 681 380 738; x_wconf 89' lang='lat' dir='ltr'>nullum</span> <span class='ocrx_word' id='word_1_25' title='bbox 402 696 457 738; x_wconf 92' lang='lat' dir='ltr'>nos</span> <span class='ocrx_word' id='word_1_26' title='bbox 473 681 585 754; x_wconf 67' lang='lat' dir='ltr'>plynos</span> <span class='ocrx_word' id='word_1_27' title='bbox 609 679 800 738; x_wconf 77' lang='lat' dir='ltr'>admittere?“</span> <span class='ocrx_word' id='word_1_28' title='bbox 851 680 1011 754; x_wconf 84' lang='lat' dir='ltr'>„Meliora“</span> <span class='ocrx_word' id='word_1_29' title='bbox 1036 681 1156 756; x_wconf 90' lang='lat' dir='ltr'>inquam</span> <span class='ocrx_word' id='word_1_30' title='bbox 1177 682 1308 739; x_wconf 77' lang='lat' dir='ltr'>obtinere</span> 
     </span>
     <span class='ocr_line' id='line_1_5' title="bbox 186 781 1305 859; baseline -0.001 -17"><span class='ocrx_word' id='word_1_31' title='bbox 186 789 216 842; x_wconf 90' lang='lat' dir='ltr'>et</span> <span class='ocrx_word' id='word_1_32' title='bbox 247 782 345 859; x_wconf 91' lang='lat' dir='ltr'>potius</span> <span class='ocrx_word' id='word_1_33' title='bbox 376 781 535 857; x_wconf 81' lang='lat' dir='ltr'><strong>responde,</strong></span> <span class='ocrx_word' id='word_1_34' title='bbox 573 801 611 840; x_wconf 93' lang='lat' dir='ltr'>an</span> <span class='ocrx_word' id='word_1_35' title='bbox 643 783 721 840; x_wconf 89' lang='lat' dir='ltr'>intra</span> <span class='ocrx_word' id='word_1_36' title='bbox 754 781 843 840; x_wconf 87' lang='lat' dir='ltr'>aedes</span> <span class='ocrx_word' id='word_1_37' title='bbox 876 799 959 841; x_wconf 77' lang='lat' dir='ltr'><strong>errem</strong></span> <span class='ocrx_word' id='word_1_38' title='bbox 994 787 1076 841; x_wconf 75' lang='lat' dir='ltr'>tuum</span> <span class='ocrx_word' id='word_1_39' title='bbox 1108 783 1305 856; x_wconf 68' lang='lat' dir='ltr'>offenderimf‘</span> 
     </span>
    </p>
   </div>
   <div class='ocr_carea' id='block_1_3' title="bbox 76 884 989 960">
    <p class='ocr_par' dir='ltr' id='par_1_3' title="bbox 76 884 989 960">
     <span class='ocr_line' id='line_1_6' title="bbox 76 884 989 960; baseline 0 -18"><span class='ocrx_word' id='word_1_40' title='bbox 76 951 78 955; x_wconf 47' lang='grc'>,</span> <span class='ocrx_word' id='word_1_41' title='bbox 188 887 318 960; x_wconf 86' lang='lat' dir='ltr'>„Plane“</span> <span class='ocrx_word' id='word_1_42' title='bbox 344 885 441 960; x_wconf 89' lang='lat' dir='ltr'>inquit</span> <span class='ocrx_word' id='word_1_43' title='bbox 466 884 989 960; x_wconf 62' lang='grc' dir='ltr'>,161111111611161111111111111εὲα</span> 
     </span>
    </p>
   </div>
   <div class='ocr_carea' id='block_1_4' title="bbox 185 987 1309 1782">
    <p class='ocr_par' dir='ltr' id='par_1_4' title="bbox 185 987 1308 1168">
     <span class='ocr_line' id='line_1_7' title="bbox 270 987 1308 1063; baseline 0.003 -18"><span class='ocrx_word' id='word_1_44' title='bbox 270 989 329 1046; x_wconf 86' lang='lat' dir='ltr'>Vel</span> <span class='ocrx_word' id='word_1_45' title='bbox 350 988 464 1062; x_wconf 90' lang='lat' dir='ltr'>inspioe</span> <span class='ocrx_word' id='word_1_46' title='bbox 492 987 569 1046; x_wconf 89' lang='lat' dir='ltr'>hane</span> <span class='ocrx_word' id='word_1_47' title='bbox 598 988 752 1063; x_wconf 88' lang='lat' dir='ltr'>periodum</span> <span class='ocrx_word' id='word_1_48' title='bbox 782 1005 818 1046; x_wconf 88' lang='lat' dir='ltr'>ex</span> <span class='ocrx_word' id='word_1_49' title='bbox 841 989 901 1046; x_wconf 90' lang='lat' dir='ltr'>alio</span> <span class='ocrx_word' id='word_1_50' title='bbox 924 1005 1058 1047; x_wconf 89' lang='lat' dir='ltr'>sermone</span> <span class='ocrx_word' id='word_1_51' title='bbox 1086 989 1234 1048; x_wconf 80' lang='lat' dir='ltr'>cotidiano</span> <span class='ocrx_word' id='word_1_52' title='bbox 1258 988 1308 1048; x_wconf 86' lang='lat' dir='ltr'>ds-</span> 
     </span>
     <span class='ocr_line' id='line_1_8' title="bbox 185 1091 1308 1168; baseline 0 -19"><span class='ocrx_word' id='word_1_53' title='bbox 185 1095 352 1168; x_wconf 79' lang='lat' dir='ltr'><strong>promptam</strong></span> <span class='ocrx_word' id='word_1_54' title='bbox 375 1108 451 1165; x_wconf 88' lang='lat' dir='ltr'>quae</span> <span class='ocrx_word' id='word_1_55' title='bbox 474 1091 572 1149; x_wconf 89' lang='lat' dir='ltr'>omnia</span> <span class='ocrx_word' id='word_1_56' title='bbox 593 1091 650 1148; x_wconf 87' lang='lat' dir='ltr'>tria</span> <span class='ocrx_word' id='word_1_57' title='bbox 672 1108 782 1166; x_wconf 84' lang='lat' dir='ltr'>genera</span> <span class='ocrx_word' id='word_1_58' title='bbox 805 1091 956 1148; x_wconf 76' lang='lat' dir='ltr'>clausulae</span> <span class='ocrx_word' id='word_1_59' title='bbox 975 1091 1160 1164; x_wconf 81' lang='lat' dir='ltr'><strong>rhythmicae</strong></span> <span class='ocrx_word' id='word_1_60' title='bbox 1177 1091 1308 1150; x_wconf 79' lang='lat' dir='ltr'>exhibet:</span> 
     </span>
    </p>

    <p class='ocr_par' dir='ltr' id='par_1_5' title="bbox 186 1192 1309 1561">
     <span class='ocr_line' id='line_1_9' title="bbox 271 1192 1309 1268; baseline 0.001 -16"><span class='ocrx_word' id='word_1_61' title='bbox 271 1193 343 1252; x_wconf 85' lang='grc'>118</span> <span class='ocrx_word' id='word_1_62' title='bbox 374 1192 447 1250; x_wconf 88' lang='lat' dir='ltr'>Mihi</span> <span class='ocrx_word' id='word_1_63' title='bbox 480 1192 607 1268; x_wconf 92' lang='lat' dir='ltr'>denique</span> <span class='ocrx_word' id='word_1_64' title='bbox 638 1192 717 1267; x_wconf 94' lang='lat' dir='ltr'>quod</span> <span class='ocrx_word' id='word_1_65' title='bbox 745 1194 862 1268; x_wconf 81' lang='lat' dir='ltr'>poculis</span> <span class='ocrx_word' id='word_1_66' title='bbox 885 1194 1002 1268; x_wconf 88' lang='lat' dir='ltr'>vesperi</span> <span class='ocrx_word' id='word_1_67' title='bbox 1025 1195 1120 1252; x_wconf 87' lang='lat' dir='ltr'>minus</span> <span class='ocrx_word' id='word_1_68' title='bbox 1146 1197 1309 1267; x_wconf 78' lang='lat' dir='ltr'>temperavi,</span> 
     </span>
     <span class='ocr_line' id='line_1_10' title="bbox 186 1295 1309 1370; baseline 0 -16"><span class='ocrx_word' id='word_1_69' title='bbox 186 1315 247 1355; x_wconf 83' lang='lat' dir='ltr'>nox</span> <span class='ocrx_word' id='word_1_70' title='bbox 282 1296 390 1354; x_wconf 86' lang='lat' dir='ltr'>aoerba</span> <span class='ocrx_word' id='word_1_71' title='bbox 426 1295 505 1354; x_wconf 92' lang='lat' dir='ltr'>diras</span> <span class='ocrx_word' id='word_1_72' title='bbox 531 1299 572 1353; x_wconf 82' lang='lat' dir='ltr'>&#39;et</span> <span class='ocrx_word' id='word_1_73' title='bbox 587 1321 590 1326; x_wconf 56' lang='grc'><em>’</em></span> <span class='ocrx_word' id='word_1_74' title='bbox 608 1299 706 1354; x_wconf 88' lang='lat' dir='ltr'>truees</span> <span class='ocrx_word' id='word_1_75' title='bbox 738 1296 882 1370; x_wconf 78' lang='lat' dir='ltr'>imopioes</span> <span class='ocrx_word' id='word_1_76' title='bbox 915 1297 1033 1366; x_wconf 77' lang='lat' dir='ltr'>obtulit,</span> <span class='ocrx_word' id='word_1_77' title='bbox 1069 1300 1102 1354; x_wconf 91' lang='lat' dir='ltr'>ut</span> <span class='ocrx_word' id='word_1_78' title='bbox 1134 1296 1231 1354; x_wconf 84' lang='lat' dir='ltr'>adhue</span> <span class='ocrx_word' id='word_1_79' title='bbox 1263 1315 1309 1354; x_wconf 89' lang='lat' dir='ltr'>me</span> 
     </span>
     <span class='ocr_line' id='line_1_11' title="bbox 189 1398 1309 1475; baseline -0.001 -17"><span class='ocrx_word' id='word_1_80' title='bbox 189 1398 304 1458; x_wconf 88' lang='lat' dir='ltr'>oredam</span> <span class='ocrx_word' id='word_1_81' title='bbox 334 1415 438 1457; x_wconf 88' lang='lat' dir='ltr'>eruore</span> <span class='ocrx_word' id='word_1_82' title='bbox 467 1398 595 1456; x_wconf 87' lang='lat' dir='ltr'>humano</span> <span class='ocrx_word' id='word_1_83' title='bbox 624 1415 776 1475; x_wconf 86' lang='lat' dir='ltr'>aspersum</span> <span class='ocrx_word' id='word_1_84' title='bbox 807 1403 896 1474; x_wconf 91' lang='lat' dir='ltr'>atque</span> <span class='ocrx_word' id='word_1_85' title='bbox 926 1401 1109 1473; x_wconf 65' lang='grc' dir='ltr'>11111111111111.α</span> <span class='ocrx_word' id='word_1_86' title='bbox 1156 1399 1204 1457; x_wconf 94' lang='lat' dir='ltr'>Ad</span> <span class='ocrx_word' id='word_1_87' title='bbox 1235 1398 1309 1457; x_wconf 92' lang='lat' dir='ltr'>haee</span> 
     </span>
     <span class='ocr_line' id='line_1_12' title="bbox 187 1503 421 1561; baseline -0.004 -1"><span class='ocrx_word' id='word_1_88' title='bbox 187 1503 239 1560; x_wconf 76' lang='lat' dir='ltr'>ille</span> <span class='ocrx_word' id='word_1_89' title='bbox 259 1503 421 1561; x_wconf 57' lang='lat' dir='ltr'>subridens.</span> 
     </span>
    </p>

    <p class='ocr_par' dir='ltr' id='par_1_6' title="bbox 187 1605 1309 1782">
     <span class='ocr_line' id='line_1_13' title="bbox 273 1605 1309 1681; baseline 0.003 -19"><span class='ocrx_word' id='word_1_90' title='bbox 273 1606 360 1663; x_wconf 85' lang='lat' dir='ltr'>Item</span> <span class='ocrx_word' id='word_1_91' title='bbox 396 1605 432 1662; x_wconf 90' lang='lat' dir='ltr'>in</span> <span class='ocrx_word' id='word_1_92' title='bbox 464 1605 797 1681; x_wconf 88' lang='lat' dir='ltr'>Metamorphoseon</span> <span class='ocrx_word' id='word_1_93' title='bbox 834 1607 940 1666; x_wconf 87' lang='lat' dir='ltr'>libris</span> <span class='ocrx_word' id='word_1_94' title='bbox 978 1609 1066 1666; x_wconf 90' lang='lat' dir='ltr'>satis</span> <span class='ocrx_word' id='word_1_95' title='bbox 1102 1609 1204 1666; x_wconf 90' lang='lat' dir='ltr'>multi</span> <span class='ocrx_word' id='word_1_96' title='bbox 1237 1609 1309 1667; x_wconf 91' lang='lat' dir='ltr'>looi</span> 
     </span>
     <span class='ocr_line' id='line_1_14' title="bbox 187 1702 1309 1782; baseline 0.001 -14"><span class='ocrx_word' id='word_1_97' title='bbox 187 1709 383 1768; x_wconf 84' lang='lat' dir='ltr'>sollemnes</span> <span class='ocrx_word' id='word_1_98' title='bbox 424 1707 666 1782; x_wconf 87' lang='lat' dir='ltr'>sublimesque</span> <span class='ocrx_word' id='word_1_99' title='bbox 707 1710 842 1781; x_wconf 85' lang='lat' dir='ltr'>insunt,</span> <span class='ocrx_word' id='word_1_100' title='bbox 882 1710 941 1768; x_wconf 92' lang='lat' dir='ltr'>nbi</span> <span class='ocrx_word' id='word_1_101' title='bbox 979 1711 1065 1769; x_wconf 84' lang='lat' dir='ltr'>illas</span> <span class='ocrx_word' id='word_1_102' title='bbox 1103 1702 1309 1769; x_wconf 60' lang='lat' dir='ltr'>olausul&#39;as</span> 
     </span>
    </p>
   </div>
   <div class='ocr_carea' id='block_1_5' title="bbox 90 1801 1309 1888">
    <p class='ocr_par' dir='ltr' id='par_1_7' title="bbox 90 1801 1309 1888">
     <span class='ocr_line' id='line_1_15' title="bbox 90 1801 1309 1888; baseline 0.001 -18"><span class='ocrx_word' id='word_1_103' title='bbox 90 1801 92 1805; x_wconf 55' lang='grc'>’</span> <span class='ocrx_word' id='word_1_104' title='bbox 192 1810 457 1886; x_wconf 77' lang='lat' dir='ltr'>„rhythmicas“</span> <span class='ocrx_word' id='word_1_105' title='bbox 483 1810 617 1868; x_wconf 81' lang='lat' dir='ltr'>frustra</span> <span class='ocrx_word' id='word_1_106' title='bbox 639 1829 803 1886; x_wconf 85' lang='lat' dir='ltr'>quaeras,</span> <span class='ocrx_word' id='word_1_107' title='bbox 829 1813 922 1870; x_wconf 91' lang='lat' dir='ltr'>veluti</span> <span class='ocrx_word' id='word_1_108' title='bbox 943 1813 973 1870; x_wconf 90' lang='lat' dir='ltr'>in</span> <span class='ocrx_word' id='word_1_109' title='bbox 989 1813 1073 1888; x_wconf 85' lang='lat' dir='ltr'>gravi</span> <span class='ocrx_word' id='word_1_110' title='bbox 1089 1813 1173 1872; x_wconf 90' lang='lat' dir='ltr'>initio</span> <span class='ocrx_word' id='word_1_111' title='bbox 1189 1813 1309 1872; x_wconf 83' lang='lat' dir='ltr'>fabulae</span> 
     </span>
    </p>
   </div>
   <div class='ocr_carea' id='block_1_6' title="bbox 187 1913 1312 3527">
    <p class='ocr_par' dir='ltr' id='par_1_8' title="bbox 187 1913 1311 2605">
     <span class='ocr_line' id='line_1_16' title="bbox 188 1913 1311 1991; baseline 0.002 -19"><span class='ocrx_word' id='word_1_112' title='bbox 188 1913 319 1987; x_wconf 90' lang='lat' dir='ltr'>Psyohes</span> <span class='ocrx_word' id='word_1_113' title='bbox 352 1917 403 1971; x_wconf 87' lang='lat' dir='ltr'>ant</span> <span class='ocrx_word' id='word_1_114' title='bbox 435 1913 521 1972; x_wconf 89' lang='lat' dir='ltr'>Luoii</span> <span class='ocrx_word' id='word_1_115' title='bbox 553 1913 718 1991; x_wconf 82' lang='lat' dir='ltr'>precum.²)</span> <span class='ocrx_word' id='word_1_116' title='bbox 773 1913 969 1984; x_wconf 77' lang='lat' dir='ltr'>Quamobrem</span> <span class='ocrx_word' id='word_1_117' title='bbox 998 1915 1132 1974; x_wconf 91' lang='lat' dir='ltr'>Nordeni</span> <span class='ocrx_word' id='word_1_118' title='bbox 1165 1916 1311 1974; x_wconf 86' lang='lat' dir='ltr'>sententia</span> 
     </span>
     <span class='ocr_line' id='line_1_17' title="bbox 190 2015 1310 2094; baseline 0.001 -20"><span class='ocrx_word' id='word_1_119' title='bbox 190 2015 383 2092; x_wconf 88' lang='lat' dir='ltr'>improbanda</span> <span class='ocrx_word' id='word_1_120' title='bbox 406 2019 462 2074; x_wconf 91' lang='lat' dir='ltr'>est:</span> <span class='ocrx_word' id='word_1_121' title='bbox 487 2019 597 2088; x_wconf 86' lang='lat' dir='ltr'>eontra,</span> <span class='ocrx_word' id='word_1_122' title='bbox 620 2017 781 2092; x_wconf 89' lang='lat' dir='ltr'>Apuleium</span> <span class='ocrx_word' id='word_1_123' title='bbox 805 2018 880 2076; x_wconf 87' lang='lat' dir='ltr'>siout</span> <span class='ocrx_word' id='word_1_124' title='bbox 903 2017 1064 2076; x_wconf 87' lang='lat' dir='ltr'>orationem</span> <span class='ocrx_word' id='word_1_125' title='bbox 1086 2018 1252 2094; x_wconf 79' lang='lat' dir='ltr'><strong>pedestrem</strong></span> <span class='ocrx_word' id='word_1_126' title='bbox 1272 2016 1310 2075; x_wconf 88' lang='lat' dir='ltr'>ad</span> 
     </span>
     <span class='ocr_line' id='line_1_18' title="bbox 187 2119 1310 2196; baseline 0.002 -20"><span class='ocrx_word' id='word_1_127' title='bbox 187 2119 303 2178; x_wconf 88' lang='lat' dir='ltr'>libitum</span> <span class='ocrx_word' id='word_1_128' title='bbox 327 2137 392 2177; x_wconf 89' lang='lat' dir='ltr'>oum</span> <span class='ocrx_word' id='word_1_129' title='bbox 414 2119 529 2178; x_wconf 89' lang='lat' dir='ltr'>ratione</span> <span class='ocrx_word' id='word_1_130' title='bbox 553 2119 670 2178; x_wconf 81' lang='lat' dir='ltr'>dicendi</span> <span class='ocrx_word' id='word_1_131' title='bbox 692 2121 810 2196; x_wconf 90' lang='lat' dir='ltr'>poetioa</span> <span class='ocrx_word' id='word_1_132' title='bbox 833 2119 974 2193; x_wconf 80' lang='lat' dir='ltr'>confudit,</span> <span class='ocrx_word' id='word_1_133' title='bbox 999 2119 1041 2178; x_wconf 87' lang='lat' dir='ltr'>ita</span> <span class='ocrx_word' id='word_1_134' title='bbox 1063 2121 1094 2178; x_wconf 92' lang='lat' dir='ltr'>in</span> <span class='ocrx_word' id='word_1_135' title='bbox 1116 2137 1171 2178; x_wconf 89' lang='lat' dir='ltr'>usu</span> <span class='ocrx_word' id='word_1_136' title='bbox 1194 2122 1310 2180; x_wconf 90' lang='lat' dir='ltr'>olausu·</span> 
     </span>
     <span class='ocr_line' id='line_1_19' title="bbox 187 2207 1311 2297; baseline 0.001 -18"><span class='ocrx_word' id='word_1_137' title='bbox 187 2223 283 2280; x_wconf 88' lang='lat' dir='ltr'>larum</span> <span class='ocrx_word' id='word_1_138' title='bbox 306 2224 402 2280; x_wconf 88' lang='lat' dir='ltr'>eertas</span> <span class='ocrx_word' id='word_1_139' title='bbox 423 2222 506 2296; x_wconf 81' lang='lat' dir='ltr'>leges</span> <span class='ocrx_word' id='word_1_140' title='bbox 529 2221 638 2279; x_wconf 86' lang='lat' dir='ltr'>vitasse</span> <span class='ocrx_word' id='word_1_141' title='bbox 661 2238 775 2280; x_wconf 87' lang='lat' dir='ltr'>oenseo.</span> <span class='ocrx_word' id='word_1_142' title='bbox 812 2222 957 2280; x_wconf 90' lang='lat' dir='ltr'>Nimirum</span> <span class='ocrx_word' id='word_1_143' title='bbox 980 2222 1072 2281; x_wconf 90' lang='lat' dir='ltr'>siout</span> <span class='ocrx_word' id='word_1_144' title='bbox 1094 2225 1169 2280; x_wconf 85' lang='lat' dir='ltr'>tota</span> <span class='ocrx_word' id='word_1_145' title='bbox 1192 2207 1311 2297; x_wconf 81' lang='lat' dir='ltr'>eapite</span> 
     </span>
     <span class='ocr_line' id='line_1_20' title="bbox 189 2323 1309 2400; baseline -0.002 -18"><span class='ocrx_word' id='word_1_146' title='bbox 189 2327 345 2396; x_wconf 81' lang='lat' dir='ltr'>exstant,</span> <span class='ocrx_word' id='word_1_147' title='bbox 372 2325 467 2382; x_wconf 87' lang='lat' dir='ltr'>intra</span> <span class='ocrx_word' id='word_1_148' title='bbox 493 2341 582 2400; x_wconf 90' lang='lat' dir='ltr'>quae</span> <span class='ocrx_word' id='word_1_149' title='bbox 605 2325 727 2382; x_wconf 89' lang='lat' dir='ltr'>nullae</span> <span class='ocrx_word' id='word_1_150' title='bbox 750 2325 822 2384; x_wconf 92' lang='lat' dir='ltr'>nisi</span> <span class='ocrx_word' id='word_1_151' title='bbox 844 2325 933 2383; x_wconf 87' lang='lat' dir='ltr'>illae</span> <span class='ocrx_word' id='word_1_152' title='bbox 957 2326 1143 2384; x_wconf 90' lang='lat' dir='ltr'>elausulae</span> <span class='ocrx_word' id='word_1_153' title='bbox 1168 2323 1309 2398; x_wconf 89' lang='lat' dir='ltr'>„rhyth-</span> 
     </span>
     <span class='ocr_line' id='line_1_21' title="bbox 189 2427 1310 2502; baseline -0.001 -18"><span class='ocrx_word' id='word_1_154' title='bbox 189 2427 317 2484; x_wconf 86' lang='lat' dir='ltr'>mieae“</span> <span class='ocrx_word' id='word_1_155' title='bbox 343 2429 534 2501; x_wconf 84' lang='lat' dir='ltr'>usurpatae</span> <span class='ocrx_word' id='word_1_156' title='bbox 558 2429 650 2497; x_wconf 86' lang='lat' dir='ltr'>sunt,</span> <span class='ocrx_word' id='word_1_157' title='bbox 680 2427 731 2484; x_wconf 87' lang='lat' dir='ltr'>sio</span> <span class='ocrx_word' id='word_1_158' title='bbox 758 2427 831 2484; x_wconf 90' lang='lat' dir='ltr'>alia</span> <span class='ocrx_word' id='word_1_159' title='bbox 853 2429 928 2484; x_wconf 88' lang='lat' dir='ltr'>tota</span> <span class='ocrx_word' id='word_1_160' title='bbox 951 2427 1083 2502; x_wconf 86' lang='lat' dir='ltr'>eapite,</span> <span class='ocrx_word' id='word_1_161' title='bbox 1105 2427 1199 2484; x_wconf 86' lang='lat' dir='ltr'>intra</span> <span class='ocrx_word' id='word_1_162' title='bbox 1222 2442 1310 2501; x_wconf 91' lang='lat' dir='ltr'>quae</span> 
     </span>
     <span class='ocr_line' id='line_1_22' title="bbox 190 2528 1149 2605; baseline 0.001 -20"><span class='ocrx_word' id='word_1_163' title='bbox 190 2545 232 2586; x_wconf 90' lang='lat' dir='ltr'>ne</span> <span class='ocrx_word' id='word_1_164' title='bbox 255 2546 321 2586; x_wconf 91' lang='lat' dir='ltr'>una</span> <span class='ocrx_word' id='word_1_165' title='bbox 344 2529 484 2604; x_wconf 93' lang='lat' dir='ltr'>quidem</span> <span class='ocrx_word' id='word_1_166' title='bbox 506 2547 547 2588; x_wconf 85' lang='lat' dir='ltr'>ex</span> <span class='ocrx_word' id='word_1_167' title='bbox 568 2529 647 2587; x_wconf 88' lang='lat' dir='ltr'>illis</span> <span class='ocrx_word' id='word_1_168' title='bbox 674 2528 831 2587; x_wconf 84' lang='lat' dir='ltr'>finiendi</span> <span class='ocrx_word' id='word_1_169' title='bbox 858 2528 982 2588; x_wconf 83' lang='lat' dir='ltr'>formis</span> <span class='ocrx_word' id='word_1_170' title='bbox 1004 2529 1149 2605; x_wconf 86' lang='lat' dir='ltr'>legitur.</span> 
     </span>
    </p>

    <p class='ocr_par' dir='ltr' id='par_1_9' title="bbox 193 2631 1310 2812">
     <span class='ocr_line' id='line_1_23' title="bbox 276 2631 1310 2708; baseline 0.001 -19"><span class='ocrx_word' id='word_1_171' title='bbox 276 2631 329 2690; x_wconf 92' lang='lat' dir='ltr'>His</span> <span class='ocrx_word' id='word_1_172' title='bbox 357 2631 393 2690; x_wconf 92' lang='lat' dir='ltr'>de</span> <span class='ocrx_word' id='word_1_173' title='bbox 416 2632 510 2690; x_wconf 89' lang='lat' dir='ltr'>libero</span> <span class='ocrx_word' id='word_1_174' title='bbox 533 2631 752 2708; x_wconf 85' lang='lat' dir='ltr'>libidinoseque</span> <span class='ocrx_word' id='word_1_175' title='bbox 774 2649 830 2691; x_wconf 90' lang='lat' dir='ltr'>usu</span> <span class='ocrx_word' id='word_1_176' title='bbox 853 2633 1054 2691; x_wconf 80' lang='lat' dir='ltr'>clausularum</span> <span class='ocrx_word' id='word_1_177' title='bbox 1075 2632 1310 2708; x_wconf 86' lang='lat' dir='ltr'>Apuleianarum</span> 
     </span>
     <span class='ocr_line' id='line_1_24' title="bbox 193 2734 1131 2812; baseline 0.003 -21"><span class='ocrx_word' id='word_1_178' title='bbox 193 2734 332 2809; x_wconf 84' lang='lat' dir='ltr'>expositis</span> <span class='ocrx_word' id='word_1_179' title='bbox 356 2735 445 2793; x_wconf 88' lang='lat' dir='ltr'>lioeat</span> <span class='ocrx_word' id='word_1_180' title='bbox 467 2735 569 2810; x_wconf 82' lang='lat' dir='ltr'>paneis</span> <span class='ocrx_word' id='word_1_181' title='bbox 592 2738 714 2812; x_wconf 81' lang='lat' dir='ltr'>tangere</span> <span class='ocrx_word' id='word_1_182' title='bbox 737 2736 862 2794; x_wconf 89' lang='lat' dir='ltr'>similem</span> <span class='ocrx_word' id='word_1_183' title='bbox 885 2737 1095 2811; x_wconf 86' lang='lat' dir='ltr'>quaestionem.</span> <span class='ocrx_word' id='word_1_184' title='bbox 1128 2801 1131 2806; x_wconf 59' lang='grc'>,</span> 
     </span>
    </p>

    <p class='ocr_par' dir='ltr' id='par_1_10' title="bbox 190 2836 1312 3527">
     <span class='ocr_line' id='line_1_25' title="bbox 277 2836 1311 2914; baseline 0.001 -21"><span class='ocrx_word' id='word_1_185' title='bbox 277 2836 605 2912; x_wconf 87' lang='lat' dir='ltr'>Metamorphoseon</span> <span class='ocrx_word' id='word_1_186' title='bbox 628 2839 718 2896; x_wconf 91' lang='lat' dir='ltr'>euim</span> <span class='ocrx_word' id='word_1_187' title='bbox 741 2841 877 2912; x_wconf 85' lang='lat' dir='ltr'>auotor,</span> <span class='ocrx_word' id='word_1_188' title='bbox 901 2839 1035 2914; x_wconf 89' lang='lat' dir='ltr'>quamvis</span> <span class='ocrx_word' id='word_1_189' title='bbox 1058 2839 1088 2896; x_wconf 92' lang='lat' dir='ltr'>in</span> <span class='ocrx_word' id='word_1_190' title='bbox 1108 2840 1170 2897; x_wconf 92' lang='lat' dir='ltr'>tota</span> <span class='ocrx_word' id='word_1_191' title='bbox 1193 2836 1311 2895; x_wconf 88' lang='lat' dir='ltr'>dieendi</span> 
     </span>
     <span class='ocr_line' id='line_1_26' title="bbox 190 2937 1311 3017; baseline -0.001 -20"><span class='ocrx_word' id='word_1_192' title='bbox 190 2939 305 2998; x_wconf 89' lang='lat' dir='ltr'>ratione</span> <span class='ocrx_word' id='word_1_193' title='bbox 323 2937 402 2997; x_wconf 90' lang='lat' dir='ltr'>haud</span> <span class='ocrx_word' id='word_1_194' title='bbox 417 2940 459 2998; x_wconf 90' lang='lat' dir='ltr'>ita</span> <span class='ocrx_word' id='word_1_195' title='bbox 474 2941 586 3016; x_wconf 83' lang='lat' dir='ltr'>regulis</span> <span class='ocrx_word' id='word_1_196' title='bbox 601 2938 756 2999; x_wconf 77' lang='lat' dir='ltr'>rhetoricis</span> <span class='ocrx_word' id='word_1_197' title='bbox 772 2940 943 3000; x_wconf 77' lang='lat' dir='ltr'>adstrictum</span> <span class='ocrx_word' id='word_1_198' title='bbox 960 2958 991 2999; x_wconf 92' lang='lat' dir='ltr'>se</span> <span class='ocrx_word' id='word_1_199' title='bbox 1006 2943 1144 3017; x_wconf 85' lang='lat' dir='ltr'>praestet,</span> <span class='ocrx_word' id='word_1_200' title='bbox 1167 2941 1311 2998; x_wconf 85' lang='lat' dir='ltr'>tamenin</span> 
     </span>
     <span class='ocr_line' id='line_1_27' title="bbox 190 3041 1311 3118; baseline 0.001 -20"><span class='ocrx_word' id='word_1_201' title='bbox 190 3041 358 3100; x_wconf 89' lang='lat' dir='ltr'>universum</span> <span class='ocrx_word' id='word_1_202' title='bbox 392 3059 462 3099; x_wconf 89' lang='lat' dir='ltr'>rem</span> <span class='ocrx_word' id='word_1_203' title='bbox 491 3044 804 3118; x_wconf 85' lang='lat' dir='ltr'>argumentumque</span> <span class='ocrx_word' id='word_1_204' title='bbox 831 3041 971 3100; x_wconf 86' lang='lat' dir='ltr'>idoneis</span> <span class='ocrx_word' id='word_1_205' title='bbox 1001 3043 1122 3101; x_wconf 90' lang='lat' dir='ltr'>metris</span> <span class='ocrx_word' id='word_1_206' title='bbox 1150 3046 1311 3114; x_wconf 86' lang='lat' dir='ltr'>exornat,</span> 
     </span>
     <span class='ocr_line' id='line_1_28' title="bbox 190 3133 1312 3227; baseline 0.002 -27"><span class='ocrx_word' id='word_1_207' title='bbox 190 3143 220 3201; x_wconf 90' lang='lat' dir='ltr'>id</span> <span class='ocrx_word' id='word_1_208' title='bbox 251 3143 330 3219; x_wconf 92' lang='lat' dir='ltr'>quod</span> <span class='ocrx_word' id='word_1_209' title='bbox 352 3143 502 3220; x_wconf 89' lang='lat' dir='ltr'>sophistas</span> <span class='ocrx_word' id='word_1_210' title='bbox 526 3143 631 3204; x_wconf 82' lang='lat' dir='ltr'>Graeoi</span> <span class='ocrx_word' id='word_1_211' title='bbox 653 3133 739 3227; x_wconf 73' lang='grc' dir='ltr'><em>ἦθος</em></span> <span class='ocrx_word' id='word_1_212' title='bbox 761 3161 880 3206; x_wconf 90' lang='lat' dir='ltr'>servare</span> <span class='ocrx_word' id='word_1_213' title='bbox 902 3145 1136 3221; x_wconf 79' lang='lat' dir='ltr'>appellabant.³)</span> <span class='ocrx_word' id='word_1_214' title='bbox 1181 3143 1264 3215; x_wconf 79' lang='lat' dir='ltr'>Quae</span> <span class='ocrx_word' id='word_1_215' title='bbox 1287 3145 1312 3204; x_wconf 93' lang='lat' dir='ltr'>si</span> 
     </span>
     <span class='ocr_line' id='line_1_29' title="bbox 190 3246 1312 3323; baseline 0 -19"><span class='ocrx_word' id='word_1_216' title='bbox 190 3262 230 3306; x_wconf 83' lang='lat' dir='ltr'>ex</span> <span class='ocrx_word' id='word_1_217' title='bbox 244 3246 521 3322; x_wconf 89' lang='lat' dir='ltr'>Metamorphoseon</span> <span class='ocrx_word' id='word_1_218' title='bbox 538 3247 706 3306; x_wconf 88' lang='lat' dir='ltr'>elooutioue</span> <span class='ocrx_word' id='word_1_219' title='bbox 721 3247 787 3306; x_wconf 81' lang='lat' dir='ltr'>fuse</span> <span class='ocrx_word' id='word_1_220' title='bbox 803 3247 1005 3306; x_wconf 89' lang='lat' dir='ltr'>demonstrare</span> <span class='ocrx_word' id='word_1_221' title='bbox 1021 3264 1167 3320; x_wconf 82' lang='lat' dir='ltr'>oonemur,</span> <span class='ocrx_word' id='word_1_222' title='bbox 1183 3249 1312 3323; x_wconf 89' lang='lat' dir='ltr'>amplam</span> 
     </span>
     <span class='ocr_line' id='line_1_30' title="bbox 191 3347 1311 3426; baseline 0.001 -21"><span class='ocrx_word' id='word_1_223' title='bbox 191 3347 435 3420; x_wconf 74' lang='lat' dir='ltr'>dissertationem,</span> <span class='ocrx_word' id='word_1_224' title='bbox 458 3349 533 3407; x_wconf 89' lang='lat' dir='ltr'>siout</span> <span class='ocrx_word' id='word_1_225' title='bbox 552 3349 674 3407; x_wconf 86' lang='lat' dir='ltr'>Norden</span> <span class='ocrx_word' id='word_1_226' title='bbox 696 3349 869 3425; x_wconf 84' lang='lat' dir='ltr'>postulat‚⁴)</span> <span class='ocrx_word' id='word_1_227' title='bbox 890 3349 1043 3408; x_wconf 89' lang='lat' dir='ltr'>instituere</span> <span class='ocrx_word' id='word_1_228' title='bbox 1066 3366 1217 3425; x_wconf 77' lang='lat' dir='ltr'>cogamur:</span> <span class='ocrx_word' id='word_1_229' title='bbox 1241 3365 1311 3426; x_wconf 84' lang='lat' dir='ltr'>ergo</span> 
     </span>
     <span class='ocr_line' id='line_1_31' title="bbox 190 3451 946 3527; baseline 0.003 -20"><span class='ocrx_word' id='word_1_230' title='bbox 190 3451 220 3507; x_wconf 93' lang='lat' dir='ltr'>in</span> <span class='ocrx_word' id='word_1_231' title='bbox 243 3451 346 3526; x_wconf 88' lang='lat' dir='ltr'>pauois</span> <span class='ocrx_word' id='word_1_232' title='bbox 370 3451 513 3527; x_wconf 87' lang='lat' dir='ltr'>exemplis</span> <span class='ocrx_word' id='word_1_233' title='bbox 537 3451 695 3510; x_wconf 83' lang='lat' dir='ltr'>afferendis</span> <span class='ocrx_word' id='word_1_234' title='bbox 718 3452 946 3527; x_wconf 81' lang='lat' dir='ltr'>aequiescamus.</span> 
     </span>
    </p>
   </div>
   <div class='ocr_carea' id='block_1_7' title="bbox 276 3685 881 3839">
    <p class='ocr_par' dir='ltr' id='par_1_11' title="bbox 276 3685 881 3839">
     <span class='ocr_line' id='line_1_32' title="bbox 278 3685 881 3756; baseline 0.002 -16"><span class='ocrx_word' id='word_1_235' title='bbox 278 3686 299 3755; x_wconf 88' lang='lat'>¹)</span> <span class='ocrx_word' id='word_1_236' title='bbox 318 3686 390 3740; x_wconf 83' lang='lat' dir='ltr'>Nota</span> <span class='ocrx_word' id='word_1_237' title='bbox 408 3685 626 3741; x_wconf 88' lang='lat' dir='ltr'>allitterationem</span> <span class='ocrx_word' id='word_1_238' title='bbox 644 3701 725 3756; x_wconf 86' lang='lat' dir='ltr'>quam</span> <span class='ocrx_word' id='word_1_239' title='bbox 744 3701 881 3741; x_wconf 78' lang='lat' dir='ltr'>vocamus.</span> 
     </span>
     <span class='ocr_line' id='line_1_33' title="bbox 276 3771 499 3839; baseline 0 -15"><span class='ocrx_word' id='word_1_240' title='bbox 276 3771 499 3839; x_wconf 54' lang='lat' dir='ltr'>NNQHA</span> 
     </span>
    </p>
   </div>
   <div class='ocr_carea' id='block_1_8' title="bbox 190 3853 1314 4357">
    <p class='ocr_par' dir='ltr' id='par_1_12' title="bbox 190 3853 1314 4268">
     <span class='ocr_line' id='line_1_34' title="bbox 277 3853 1313 3926; baseline -0.002 -16"><span class='ocrx_word' id='word_1_241' title='bbox 277 3857 299 3924; x_wconf 72' lang='grc'>1)</span> <span class='ocrx_word' id='word_1_242' title='bbox 317 3856 359 3910; x_wconf 82' lang='grc'>01.</span> <span class='ocrx_word' id='word_1_243' title='bbox 383 3872 455 3926; x_wconf 86' lang='lat' dir='ltr'>quae</span> <span class='ocrx_word' id='word_1_244' title='bbox 480 3857 592 3912; x_wconf 84' lang='lat' dir='ltr'>Norden</span> <span class='ocrx_word' id='word_1_245' title='bbox 618 3853 651 3911; x_wconf 89' lang='lat' dir='ltr'>A.</span> <span class='ocrx_word' id='word_1_246' title='bbox 671 3858 705 3911; x_wconf 87' lang='lat' dir='ltr'>K.</span> <span class='ocrx_word' id='word_1_247' title='bbox 732 3874 759 3926; x_wconf 92' lang='lat' dir='ltr'>p.</span> <span class='ocrx_word' id='word_1_248' title='bbox 777 3861 825 3911; x_wconf 82' lang='grc'>135</span> <span class='ocrx_word' id='word_1_249' title='bbox 853 3858 966 3926; x_wconf 83' lang='lat' dir='ltr'>copiose</span> <span class='ocrx_word' id='word_1_250' title='bbox 993 3857 1028 3911; x_wconf 87' lang='lat' dir='ltr'>de</span> <span class='ocrx_word' id='word_1_251' title='bbox 1055 3857 1156 3926; x_wconf 86' lang='lat' dir='ltr'>Apulei</span> <span class='ocrx_word' id='word_1_252' title='bbox 1183 3855 1313 3924; x_wconf 83' lang='lat' dir='ltr'>exemplis</span> 
     </span>
     <span class='ocr_line' id='line_1_35' title="bbox 192 3939 1313 4012; baseline 0.001 -18"><span class='ocrx_word' id='word_1_253' title='bbox 192 3939 315 3994; x_wconf 86' lang='lat' dir='ltr'>disserit:</span> <span class='ocrx_word' id='word_1_254' title='bbox 342 3942 388 3996; x_wconf 91' lang='lat' dir='ltr'>vel</span> <span class='ocrx_word' id='word_1_255' title='bbox 411 3941 578 4010; x_wconf 80' lang='lat' dir='ltr'>Volkmann,</span> <span class='ocrx_word' id='word_1_256' title='bbox 605 3943 687 3997; x_wconf 89' lang='lat' dir='ltr'><strong>Rhet.</strong></span> <span class='ocrx_word' id='word_1_257' title='bbox 706 3943 762 4011; x_wconf 87' lang='grc'><strong>111,</strong></span> <span class='ocrx_word' id='word_1_258' title='bbox 779 3959 806 4011; x_wconf 87' lang='lat' dir='ltr'>p.</span> <span class='ocrx_word' id='word_1_259' title='bbox 825 3948 875 3996; x_wconf 80' lang='lat'>452</span> <span class='ocrx_word' id='word_1_260' title='bbox 902 3945 953 4012; x_wconf 87' lang='lat' dir='ltr'>„Je</span> <span class='ocrx_word' id='word_1_261' title='bbox 980 3943 1048 3997; x_wconf 87' lang='lat' dir='ltr'>naoh</span> <span class='ocrx_word' id='word_1_262' title='bbox 1076 3943 1138 3996; x_wconf 91' lang='lat' dir='ltr'>dem</span> <span class='ocrx_word' id='word_1_263' title='bbox 1165 3941 1313 3997; x_wconf 80' lang='lat' dir='ltr'>Charakter</span> 
     </span>
     <span class='ocr_line' id='line_1_36' title="bbox 192 4025 1312 4098; baseline 0.001 -19"><span class='ocrx_word' id='word_1_264' title='bbox 192 4025 298 4094; x_wconf 88' lang='lat' dir='ltr'>dessen,</span> <span class='ocrx_word' id='word_1_265' title='bbox 317 4043 374 4081; x_wconf 85' lang='lat' dir='ltr'>was</span> <span class='ocrx_word' id='word_1_266' title='bbox 390 4043 452 4082; x_wconf 87' lang='lat' dir='ltr'>man</span> <span class='ocrx_word' id='word_1_267' title='bbox 469 4044 503 4082; x_wconf 84' lang='lat' dir='ltr'>uu</span> <span class='ocrx_word' id='word_1_268' title='bbox 521 4043 605 4096; x_wconf 86' lang='lat' dir='ltr'>sagon</span> <span class='ocrx_word' id='word_1_269' title='bbox 623 4028 678 4096; x_wconf 86' lang='lat' dir='ltr'>hat,</span> <span class='ocrx_word' id='word_1_270' title='bbox 697 4029 767 4082; x_wconf 85' lang='lat' dir='ltr'>mols</span> <span class='ocrx_word' id='word_1_271' title='bbox 784 4043 845 4082; x_wconf 85' lang='lat' dir='ltr'>man</span> <span class='ocrx_word' id='word_1_272' title='bbox 863 4029 933 4083; x_wconf 87' lang='lat' dir='ltr'>auoh</span> <span class='ocrx_word' id='word_1_273' title='bbox 952 4029 997 4082; x_wconf 90' lang='lat' dir='ltr'>die</span> <span class='ocrx_word' id='word_1_274' title='bbox 1009 4027 1167 4098; x_wconf 86' lang='lat' dir='ltr'>Rhythmen</span> <span class='ocrx_word' id='word_1_275' title='bbox 1180 4027 1312 4081; x_wconf 76' lang='grc' dir='ltr'>1111161.Η</span> 
     </span>
     <span class='ocr_line' id='line_1_37' title="bbox 190 4111 1314 4181; baseline 0.003 -16"><span class='ocrx_word' id='word_1_276' title='bbox 190 4111 285 4181; x_wconf 87' lang='lat' dir='ltr'>Atque</span> <span class='ocrx_word' id='word_1_277' title='bbox 305 4112 442 4170; x_wconf 76' lang='lat' dir='ltr'>conducat</span> <span class='ocrx_word' id='word_1_278' title='bbox 459 4111 494 4167; x_wconf 92' lang='lat' dir='ltr'>de</span> <span class='ocrx_word' id='word_1_279' title='bbox 512 4129 685 4168; x_wconf 87' lang='lat' dir='ltr'>numerorum</span> <span class='ocrx_word' id='word_1_280' title='bbox 708 4130 759 4168; x_wconf 89' lang='lat' dir='ltr'>usu</span> <span class='ocrx_word' id='word_1_281' title='bbox 782 4114 919 4169; x_wconf 87' lang='lat' dir='ltr'>mimetioo</span> <span class='ocrx_word' id='word_1_282' title='bbox 938 4114 1036 4169; x_wconf 88' lang='lat' dir='ltr'>librum</span> <span class='ocrx_word' id='word_1_283' title='bbox 1053 4113 1152 4168; x_wconf 82' lang='lat' dir='ltr'>Blassii</span> <span class='ocrx_word' id='word_1_284' title='bbox 1170 4112 1314 4168; x_wconf 86' lang='lat' dir='ltr'>eonsulere</span> 
     </span>
     <span class='ocr_line' id='line_1_38' title="bbox 190 4196 888 4268; baseline 0.004 -16"><span class='ocrx_word' id='word_1_285' title='bbox 190 4197 244 4252; x_wconf 86' lang='lat' dir='ltr'>Rh.</span> <span class='ocrx_word' id='word_1_286' title='bbox 257 4196 283 4252; x_wconf 84' lang='lat' dir='ltr'>d.</span> <span class='ocrx_word' id='word_1_287' title='bbox 296 4202 344 4252; x_wconf 85' lang='lat' dir='ltr'>att.</span> <span class='ocrx_word' id='word_1_288' title='bbox 357 4198 391 4252; x_wconf 88' lang='lat' dir='ltr'>K.</span> <span class='ocrx_word' id='word_1_289' title='bbox 409 4214 436 4267; x_wconf 88' lang='lat' dir='ltr'>p.</span> <span class='ocrx_word' id='word_1_290' title='bbox 450 4202 507 4267; x_wconf 74' lang='lat'>171,</span> <span class='ocrx_word' id='word_1_291' title='bbox 525 4198 572 4255; x_wconf 89' lang='lat' dir='ltr'>ubi</span> <span class='ocrx_word' id='word_1_292' title='bbox 591 4198 716 4268; x_wconf 89' lang='lat' dir='ltr'>exempla</span> <span class='ocrx_word' id='word_1_293' title='bbox 733 4199 888 4255; x_wconf 85' lang='lat' dir='ltr'>afferuntur.</span> 
     </span>
    </p>

    <p class='ocr_par' dir='ltr' id='par_1_13' title="bbox 278 4282 516 4357">
     <span class='ocr_line' id='line_1_39' title="bbox 278 4282 516 4357; baseline 0.013 -20"><span class='ocrx_word' id='word_1_294' title='bbox 278 4283 300 4355; x_wconf 78' lang='lat'>⁴)</span> <span class='ocrx_word' id='word_1_295' title='bbox 318 4282 351 4337; x_wconf 90' lang='lat' dir='ltr'>A.</span> <span class='ocrx_word' id='word_1_296' title='bbox 365 4285 398 4338; x_wconf 89' lang='lat' dir='ltr'>K.</span> <span class='ocrx_word' id='word_1_297' title='bbox 417 4300 444 4357; x_wconf 88' lang='lat' dir='ltr'>p.</span> <span class='ocrx_word' id='word_1_298' title='bbox 458 4288 516 4340; x_wconf 84' lang='grc'><strong>601.</strong></span> 
     </span>
    </p>
   </div>
   <div class='ocr_carea' id='block_1_9' title="bbox 0 0 1622 4918">
    <p class='ocr_par' dir='ltr' id='par_1_14' title="bbox 0 0 1622 4918">
     <span class='ocr_line' id='line_1_40' title="bbox 0 0 1622 4918; baseline 0 0"><span class='ocrx_word' id='word_1_299' title='bbox 0 0 1622 4918; x_wconf 95' lang='lat' dir='ltr'> </span> 
     </span>
    </p>
   </div>
  </div>
 </body>
</html>
