3218 4918
624 279 838 340 ..43-

372 453 566 530 adgressurae
588 455 712 530 plectum
733 454 894 525 oiodictom
915 455 1083 527 impetravit
1105 447 1108 534 l

374 600 426 615 ...
450 561 479 616 ct
500 557 654 631 confestim
675 559 812 616 iutcetoit.

253 711 295 768 XI
313 712 352 768 22
375 713 437 769 iem
458 728 537 769 nuuc
559 715 623 770 stus
645 713 756 771 otiosus
780 705 784 792 t
808 715 892 784 teque
913 713 1009 784 mcccc
1032 711 1216 770 demoreris?

253 865 410 923 Praeterea
443 867 560 924 exstant
590 864 867 943 Metamorphcscon
899 866 973 938 loci,
1006 865 1057 924 ubi
1090 869 1227 938 auctor,
1260 867 1293 922 ut

167 969 310 1026 rationem
340 968 488 1026 scribendi
517 969 646 1027 numeris
676 967 834 1026 artificiose
864 971 1032 1040 exornaret,
1061 985 1130 1026 uon
1156 969 1293 1026 veritus

124 1050 137 1068 ⁴
169 1087 246 1128 esse
275 1069 429 1144 videtur,
459 1088 500 1128 ne
530 1071 566 1128 in
595 1073 730 1146 gratam
761 1073 1016 1145 venustamquc
1038 1070 1293 1129 vocabulorum

169 1173 449 1232 collocationem
479 1174 635 1231 licenter
663 1175 832 1249 peccaret
862 1176 920 1230 aut
951 1175 1211 1250 complementa
1240 1174 1293 1230 in-

169 1279 251 1352 epta
273 1293 312 1334 ac
336 1292 603 1352 supervacanea
625 1277 814 1348 insereret,
838 1293 874 1333 ex
894 1293 974 1334 more
991 1275 1200 1350 sophistarum;
1216 1253 1293 1334 ¹con-

169 1377 248 1436 feras
279 1379 355 1437 enim
385 1397 419 1436 ca
450 1396 525 1454 quae
555 1377 656 1437 Cicero
684 1379 805 1436 Asianis
836 1379 995 1454 opprobrio
1026 1378 1151 1455 dedit:¹)
1185 1378 1294 1454 „Apud

170 1481 245 1538 alios
278 1483 376 1538 autem
408 1484 437 1538 et
466 1481 615 1538 Asiaticos
643 1481 769 1538 maxime
798 1498 919 1539 numero
950 1481 1112 1539 servientes
1143 1481 1293 1538 inculcata

115 1633 117 1636 .
171 1583 303 1658 reperias
327 1582 471 1658 quaedam
494 1583 585 1641 verba
609 1583 694 1657 quasi
717 1584 932 1659 complementa
954 1582 1203 1660 numerorum“.2)

255 1702 349 1779 Saepe
376 1702 507 1778 quidem,
536 1702 586 1760 ubi
617 1720 756 1761 numerus
777 1702 961 1778 postulabat,
991 1703 1138 1778 Apuleius
1160 1705 1294 1778 regulam

170 1805 390 1880 grammaticam
413 1822 508 1880 ,quam
535 1822 590 1863 nos
612 1805 723 1863 tirones
747 1804 899 1878 discimus,
931 1805 1084 1880 periodum
1107 1809 1158 1863 aut
1179 1805 1295 1882 periodi

171 1907 377 1992 membraper
399 1907 520 1965 verbum
544 1907 787 1984 concludendi,³)
808 1909 955 1983 neglexit,
978 1925 1065 1983 quam
1089 1909 1206 1983 quidem
1229 1909 1294 1985 ipse

169 2011 344 2086 plerumque
374 2027 481 2085 magna
513 2009 669 2086 diligentia
699 2009 850 2082 observat,
880 2011 994 2068 etiamsi
1024 2015 1125 2069 uotum
1148 2014 1193 2069 est
1215 2011 1294 2087 apud

170 2128 271 2170 omnes
303 2111 367 2169 fere
401 2113 559 2187 scriptores
593 2113 668 2170 alias
700 2129 789 2170 voees
821 2112 923 2170 crebro
957 2113 988 2170 in
1018 2111 1076 2171 fine
1107 2113 1294 2188 periodorum

170 2217 259 2288 atque
292 2213 486 2272 membrorum
520 2215 582 2290 legi
615 2215 772 2290 variasque
806 2231 910 2273 causas
944 2215 1033 2273 aliam
1067 2215 1294 2274 collocationem

170 2333 380 2391 nonuunquam
404 2315 576 2393 effecissal)

273 2435 312 2494 Ut
342 2435 431 2510 igitur
462 2437 661 2493 clausularum
692 2439 742 2492 aut
770 2439 897 2494 totorum
928 2436 1123 2495 membrorum
1152 2437 1228 2494 inter
1260 2454 1291 2495 se

171 2539 438 2613 responsionem
462 2541 656 2611 construeret,
686 2555 896 2612 nonuunquam
918 2539 1068 2614 legitimae
1091 2539 1174 2596 verbi
1198 2539 1291 2596 collo-

173 2640 296 2698 cationis
326 2641 470 2699 rationem
501 2659 561 2699 nen
590 2639 705 2713 habuit,
735 2657 800 2698 cum
823 2657 883 2699 non
905 2639 991 2699 modo
1015 2640 1210 2714 substantiva,
1240 2639 1291 2698 sed

263 2890 284 2960 ¹)
303 2890 344 2946 Or.
363 2891 492 2962 §230sq.

258 2977 279 3044 ²)
299 2975 338 3033 Of.
364 2977 445 3032 ettam
468 2977 607 3032 Fortunat.
638 2994 664 3046 p.
686 2981 733 3032 128
764 2992 820 3045 „ne
850 2976 1002 3032 cessantem
1031 2993 1172 3032 numerum
1201 2977 1293 3032 verbis

171 3061 297 3117 inanibus
316 3062 527 3132 compleamus“.

256 3151 279 3214 8)
295 3147 464 3217 Volkmann,
488 3147 569 3202 Rhct.
588 3165 614 3216 p.
628 3152 677 3202 437
701 3147 821 3216 „Soweit
846 3163 876 3202 es
897 3148 994 3217 irgeud
1012 3149 1121 3218 angoht,
1144 3149 1215 3202 muts
1232 3164 1294 3202 man

171 3231 310 3288 densata
337 3234 432 3288 immer
458 3233 507 3288 mit
534 3233 621 3288 ciuem
639 3232 753 3290 Verbum
775 3233 934 3301 schliesscn,
960 3232 994 3287 ef.
1018 3233 1132 3304 Dionys.
1151 3233 1187 3288 dc
1205 3250 1293 3302 comp.

170 3318 246 3374 verb.
257 3319 307 3389 V.,
332 3319 405 3373 donn
423 3319 451 3372 iu
469 3319 522 3374 den
540 3318 651 3374 Verben
669 3319 738 3388 liegt
755 3319 800 3374 die
819 3318 899 3374 Kraft
917 3319 966 3373 der
983 3319 1072 3374 Rede.
1107 3319 1151 3372 Za
1169 3319 1312 3388 caeterea,

170 3404 215 3458 des
237 3405 392 3474 Rtgtlcmus
419 3403 492 3458 kann
518 3421 581 3458 man
604 3405 733 3458 indessen
756 3421 811 3460 von
834 3405 923 3460 dieser
945 3405 1034 3474 Regel
1056 3403 1215 3466 abwcicheu
1237 3404 1294 3458 und

169 3490 228 3545 sich
247 3491 291 3545 ein
308 3489 487 3560 Hyperbaton
506 3489 659 3544 erlaubeu“.

256 3576 278 3644 ⁴)
300 3575 354 3630 Vel
377 3575 535 3631 Ciceronem
560 3575 665 3629 numeri
689 3575 777 3644 gratia
799 3577 826 3629 in
844 3576 942 3631 bonam
964 3575 1160 3630 vocabulorum
1178 3575 1294 3629 colloca-

169 3661 272 3716 tionem
301 3661 437 3720 intcrdum
465 3661 625 3729 peccavisse
654 3660 744 3715 Julius
771 3661 859 3716 Wolff
886 3661 903 3714 l.
923 3677 945 3714 c.
970 3664 1013 3716 sat
1041 3660 1133 3714 multis
1162 3661 1294 3729 exemplis

170 3747 358 3801 demonstrare
375 3745 528 3815 temptavit,
547 3746 581 3800 cf.
594 3763 621 3814 p.
636 3750 685 3800 672
698 3761 758 3815 sqq.
778 3751 860 3815 caput
876 3747 956 3800 inser.
976 3746 1035 3816 „De
1047 3746 1192 3800 verborum
1210 3745 1294 3801 collo-

171 3831 279 3885 catione
297 3831 456 3886 aGicerone
474 3831 655 3885 clausularum
673 3831 760 3900 gratia
777 3831 904 3898 mutata“,
930 3831 1003 3885 unde
1021 3831 1089 3884 hacc
1107 3831 1204 3885 affero:
1223 3831 1294 3900 „Ubi

171 3916 270 3970 solitus
288 3915 434 3970 verborum
452 3916 521 3970 ordo
540 3916 688 3970 clausulam
706 3916 776 3985 (scil.
789 3932 869 3970 unam
889 3932 923 3970 ex
938 3917 971 3970 iis
989 3915 1115 3970 clausulis
1128 3931 1196 3984 quas
1208 3916 1297 3971 Wolff

170 4017 232 4054 cum
256 4001 396 4055 Nordenio
423 4001 587 4071 rhythmicas
611 4001 733 4070 appellat
757 4001 792 4055 cf.
816 4019 844 4070 p.
861 4003 905 4068 21)
929 4018 983 4056 non
1006 4000 1149 4069 efficiebat,
1176 4002 1294 4056 verbaa

170 4087 302 4141 Cicerone
320 4087 455 4141 interdum
473 4087 539 4141 satis
557 4086 689 4141 audacter
706 4087 820 4141 traiecta
837 4102 899 4142 esse
912 4088 964 4141 iam
976 4087 1087 4141 Norden
1100 4087 1190 4141 obiter
1206 4104 1233 4155 p.
1244 4092 1294 4140 214

170 4171 367 4226 animadvertit.
409 4172 481 4237 auid
505 4172 581 4241 quod
604 4172 791 4226 traiectionem
814 4172 950 4227 interdum
974 4172 1105 4241 adhibuit,
1129 4176 1160 4226 ut
1183 4188 1233 4240 pro
1251 4177 1295 4228 sat

170 4256 243 4311 bona
260 4255 382 4312 clausula
398 4257 537 4311 meliorem
555 4257 792 4311 nancisceretur‘?“
812 4256 845 4311 ct.
863 4257 966 4311 ibidem
983 4273 1009 4325 p.
1020 4261 1078 4311 592.
