3218 4918
780 279 991 339 „42-

411 453 469 511 Par
491 451 686 512 membrorum
709 455 856 511 structura
878 453 941 511 sine
964 452 1054 511 dubio
1077 451 1115 510 ad
1133 451 1211 511 hanc
1225 451 1447 528 responsionem

326 555 402 614 inter
425 557 589 615 clausulam
612 558 642 614 et
662 556 777 614 initium
800 556 923 614 multum
946 557 1072 615 contulit
1092 581 1290 607 υυυυυυ
1303 581 1337 606 ω

434 710 510 769 xls
532 710 583 769 Ad
604 711 691 769 istum
713 711 833 770 modian
853 711 931 784 fasis
946 712 1084 784 peccabas
1107 707 1111 792 Ι

531 817 559 872 et
580 813 740 872 adstructis
760 815 875 872 miseris
897 813 1165 872 lamentationibus.

433 967 509 1026 1115
533 968 642 1027 sedatis
664 967 796 1027 hibernis
820 969 1037 1042 tempestatibus
1060 963 1065 1049 Ι

531 1071 681 1130 silenitis
703 1072 791 1130 maris
813 1071 986 1146 procellosis
1006 1072 1150 1143 flactibus.

425 1226 468 1284 XI
484 1229 501 1284 7
525 1227 637 1284 moriac
649 1243 873 1300 rararcspcrsas
889 1221 893 1306 Ι
911 1227 1083 1301 magnisque
1095 1226 1226 1302 imperiis
1239 1227 1300 1285 cias
1310 1227 1449 1286 iatcatas.

411 1381 453 1438 XI
472 1382 508 1438 12
532 1381 622 1438 tantis
645 1381 811 1440 exanclatis
835 1380 991 1450 laboribus,
1009 1376 1037 1542 ΙΙ
1060 1457 1303 1482 -------

531 1486 575 1542 tot
598 1484 721 1542 amomis
737 1484 887 1557 periculis.
1309 1476 1315 1490 ⁸

411 1637 454 1694 Xl
473 1638 509 1696 19
534 1635 607 1695 deae
629 1636 799 1694 ministeriis
821 1635 918 1694 adhuc
934 1639 1063 1710 privatis
1086 1637 1239 1710 adpositas
1262 1632 1266 1717 Ι

531 1739 790 1814 contuberniisque
813 1739 995 1798 sacerdotum
1015 1739 1192 1799 iadioidaas.

413 1911 489 1970 Satis
518 1911 618 1970 multis
648 1911 791 1969 eiusmodi
822 1910 965 1986 exemplis
996 1911 1122 1986 cognitis
1152 1910 1270 1968 dubium
1301 1928 1449 1970 essenon

326 2016 433 2090 potest,
456 2013 527 2088 quin
550 2013 654 2072 similis
677 2013 872 2072 membrorum
892 2016 1039 2071 structura
1055 2013 1259 2089 compositioni
1274 2029 1450 2072 numerosae

327 2134 416 2192 saepe
439 2120 598 2175 succurrat.
634 2115 693 2174 Sed
711 2115 785 2174 haec
804 2114 955 2174 hactenus.

411 2219 573 2295 Apparet
601 2219 669 2276 vim
698 2219 944 2295 responsionis
977 2217 1200 2292 rhythmicae
1236 2219 1447 2294 praecipue-

328 2339 394 2398 que
431 2322 672 2380 clausularum
709 2323 778 2379 tum
815 2321 925 2397 magis
963 2322 1128 2394 eminere,
1166 2338 1238 2379 cum
1271 2322 1449 2380 vocabula

326 2425 405 2501 pari
434 2425 566 2484 ambitu
595 2423 690 2484 iines
719 2424 918 2497 obtineant,
947 2425 1040 2483 veluti
1069 2441 1158 2499 saepe
1188 2425 1323 2483 clausula
1345 2423 1447 2484 dicho·

326 2529 408 2586 riaca
428 2545 482 2604 per
504 2545 593 2586 unum
616 2526 791 2586 vocabulum
819 2527 991 2602 exprimitur
1013 2527 1050 2585 ci.
1072 2527 1115 2585 IV
1128 2529 1166 2584 29
1197 2530 1376 2603 pervagatur
1405 2560 1448 2570 -

328 2630 514 2689 confluebant
528 2664 568 2673 —
585 2629 766 2706 navigabant
780 2663 822 2670 —
837 2630 1035 2705 negleguntur
1051 2662 1089 2671 -
1107 2627 1311 2704 adprecantur.
1352 2629 1448 2706 Saepe

329 2735 377 2791 vel
399 2734 521 2808 plures
543 2749 649 2790 voces
671 2732 749 2808 pari
771 2730 903 2789 ambitu
930 2731 1006 2789 inter
1029 2748 1061 2790 sc
1082 2748 1237 2790 numerose
1259 2732 1448 2808 respondent,

327 2836 421 2894 veluti

438 2973 506 3031 121
530 2974 636 3049 Neque
658 2972 776 3032 unicam
791 2975 894 3047 pascit
915 2974 1058 3032 eccillam
1081 2969 1085 3055 Ι

532 3079 561 3135 ct
582 3075 685 3134 habitu
707 3076 903 3136 mendicantis
925 3093 1037 3149 seraper
1056 3077 1173 3135 incedit.

413 3227 475 3287 Aut
503 3230 544 3288 IV
557 3231 595 3287 31
630 3229 681 3287 ubi
710 3228 784 3287 haec
814 3229 904 3286 series
933 3229 1048 3304 parium
1078 3229 1260 3303 syllabamm
1292 3231 1447 3306 repetitur:

328 3359 471 3382 -υ---
473 3358 627 3382 υυυυυ
640 3357 674 3382 Ν

532 3435 588 3492 Per
611 3451 667 3509 ego
689 3435 718 3490 te
741 3435 890 3491 maternae
914 3435 1048 3492 caritatis
1070 3435 1191 3508 foedera
1215 3435 1356 3508 deprecor,
1381 3431 1385 3516 Ι

531 3554 584 3613 per
606 3539 676 3595 tuac
697 3537 826 3611 sagittae
848 3536 947 3596 dalcia
968 3536 1099 3599 mllaara.

414 3693 526 3752 Ibidem
561 3695 686 3751 alterum
721 3694 887 3768 exemplum
921 3692 1071 3768 egregium
1100 3693 1222 3769 legitur:
1252 3728 1278 3736 —
1287 3721 1448 3745 υυυυυ

327 3822 468 3847 --υΝ

532 3900 609 3957 alius
632 3899 685 3957 sub
709 3899 803 3958 oculis
827 3899 962 3958 domiaac
983 3901 1132 3973 specillam
1146 3902 1287 3975 properti,
1314 3893 1318 3980 Ι

533 4019 622 4060 curra
644 4002 754 4075 biiapes
778 4003 832 4060 alii
845 4003 1023 4061 'subcelaret

414 4155 471 4213 Vll
489 4158 505 4213 7
529 4155 579 4214 Ad
600 4173 701 4231 parem
724 4156 934 4214 vocabulorum
951 4156 1090 4215 ambitum
1107 4156 1217 4231 duplex
1233 4157 1317 4215 elisio
1333 4157 1448 4216 accedit

330 4275 388 4338 qua
411 4253 611 4338 responsionis
633 4258 678 4317 vis
701 4263 855 4338 augeatur:
