3218 4918
760 293 969 350 ..26-

361 451 364 456 ’
389 463 490 522 Facile
520 481 590 522 vero
621 464 671 539 qui
701 482 775 540 opus
799 465 998 541 Apuleianum
1027 468 1138 523 attente
1168 466 1329 542 perlegerit
1355 483 1423 542 pro·

304 567 504 642 prietatesquc
520 566 637 624 dicendi
653 567 863 640 observaverit,
878 569 985 626 sentiet
1000 569 1173 644 scriptorem
1188 570 1276 626 aliter
1290 568 1423 645 hospites

304 669 389 727 Lucii
419 669 571 728 delineare
593 671 809 745 loquentesque
831 670 930 729 facere
952 675 1042 745 atque
1063 671 1198 729 Fotidem
1219 672 1270 728 vel
1291 673 1423 730 latrones

301 774 351 830 vel
382 775 582 831 accusatorem
614 773 801 850 publicum)
826 775 876 832 vel
899 772 1037 847 Psychen
1057 775 1108 831 vel
1130 773 1252 832 Lucium
1276 774 1347 833 deos
1369 775 1423 832 im·

301 876 498 951 plorantes,²)
521 875 608 934 aliter
631 875 798 934 describere
820 877 992 952 speluncam
1015 878 1172 948 latronum,
1194 877 1282 934 aliter
1303 877 1423 935 Amoris

301 977 348 1036 dei
379 978 522 1052 palatium
553 982 605 1036 aut
633 977 762 1050 hortum,
792 979 881 1037 aliter
908 979 1029 1038 deorum
1058 981 1170 1055 templa
1199 983 1250 1036 aut
1277 980 1422 1052 convivia,

301 1081 388 1138 aliter
417 1098 537 1140 narrare
566 1080 698 1139 fabulam
721 1081 851 1157 lepidam
872 1081 1004 1155 Psyches
1027 1086 1116 1157 atque
1138 1081 1272 1140 facinora
1294 1081 1422 1140 feminae

301 1183 461 1242 adulterae.
472 1183 498 1260 ³)

385 1285 523 1360 Sequitur
546 1305 582 1346 en
601 1289 721 1363 linguae
742 1291 855 1358 natura,
878 1287 970 1345 serie
992 1287 1118 1362 pedum
1137 1289 1323 1363 longorum
1343 1305 1421 1346 ora-

300 1390 409 1448 tionis
432 1407 569 1448 cursum
592 1389 676 1448 fieri
699 1389 848 1460 tardum,
875 1406 1029 1465 gravem,
1052 1391 1305 1465 sollemnem),
1328 1391 1422 1448 veluti

300 1492 330 1548 in
353 1492 437 1551 Lucii
459 1493 596 1568 precibus
619 1492 695 1548 xla
718 1491 883 1550 sublimitas
906 1492 1071 1568 argumenti
1094 1492 1169 1550 bene
1192 1491 1378 1568 designatur:

404 1668 435 1721 ta
457 1665 529 1720 meis
552 1664 612 1720 iasa
633 1679 713 1720 auae
735 1665 868 1721 extremis
891 1665 1040 1721 amaricis
1061 1663 1196 1734 subsiste,

404 1771 435 1826 ta
456 1769 610 1840 sbrtaaava
633 1767 805 1840 conlapsam
827 1768 962 1840 adfirmo,

404 1873 435 1928 ta
457 1870 552 1927 saccis
575 1870 742 1928 exanclatis
765 1870 880 1928 casibus
896 1887 1029 1942 passam
1043 1886 1209 1944 pascuaque
1231 1869 1335 1927 tribue.

384 2039 574 2099 sollemnitas
604 2058 729 2117 pompae
760 2039 868 2098 Isidem
898 2040 982 2098 deam
1012 2041 1181 2098 venerantis
1191 2039 1215 2116 5)
1245 2039 1302 2097 hoc
1333 2056 1420 2096 cursu

299 2142 481 2216 syllabarum
511 2144 668 2219 longarum
698 2146 825 2202 constat:
859 2143 937 2200 Ecce
960 2159 1089 2215 pompae
1116 2157 1244 2215 moysae
1267 2141 1421 2214 paulatim

293 2246 460 2318 procedant
481 2246 643 2304 anteludia.

383 2348 441 2406 Vel
472 2348 529 2407 hae
558 2347 674 2425 periodi
704 2349 916 2424 subsequentes
946 2365 983 2406 ex
1009 2347 1112 2406 fabula
1133 2345 1265 2420 Psyches
1287 2345 1419 2404 Amoris-

299 2451 390 2528 quei)
412 2452 579 2511 testimonio
602 2469 666 2511 osse
688 2457 827 2528 possunt:

383 2607 424 2662 IV
442 2607 481 2664 33
514 2606 668 2665 Macretar
698 2610 786 2679 flator
815 2608 995 2666 lamentator
1024 2606 1123 2665 diebos
1145 2606 1303 2679 plusculis.
1362 2604 1422 2663 Sed

300 2708 382 2766 dirae
404 2710 492 2767 sortis
513 2711 575 2766 tasas
595 2714 703 2784 arpaet
724 2713 816 2768 taeter
839 2710 963 2781 effectus.

384 2863 493 2923 Contra
509 2863 628 2922 dubium
643 2867 775 2937 nonest,
798 2865 871 2940 quin
890 2864 1001 2923 series
1022 2863 1242 2938 syllabarum
1262 2863 1418 2922 brevium

299 2967 494 3025 orationem
517 2965 685 3040 vividam,
709 2967 874 3040 celerem,
897 2968 1088 3026 excitatam
1111 2966 1244 3024 reddat.

383 3069 431 3127 Sic
453 3069 604 3128 festinatio
627 3070 736 3128 sororis
755 3069 886 3144 Psyches
910 3069 947 3126 ad
963 3070 1100 3128 Amorem
1124 3068 1210 3125 deum
1232 3067 1418 3142 properantis

299 3173 418 3247 egregie
440 3172 486 3231 his
509 3173 606 3231 verbis
630 3173 814 3249 exprimitur:

384 3427 405 3490 ¹)
423 3423 570 3492 Apuleium
589 3423 719 3478 causidici
730 3428 823 3492 partes
834 3439 888 3477 non
901 3422 1000 3476 frustra
1012 3422 1102 3491 egisse
1116 3438 1149 3476 ex
1161 3422 1300 3491 Apologia
1311 3423 1419 3478 scimus.

383 3510 405 3578 ⁶²)
424 3509 537 3565 Omnino
561 3525 658 3578 preces
681 3523 752 3578 quae
770 3509 797 3562 in
815 3509 924 3562 Metam.
944 3512 1063 3577 exstant,
1087 3509 1144 3563 fere
1162 3523 1280 3578 poeseos
1298 3509 1418 3578 speciem

297 3594 369 3648 ferre
392 3595 519 3649 videntur
542 3595 630 3650 veluti
648 3595 687 3651 VI
700 3601 728 3663 4,
754 3595 797 3649 vel
814 3595 961 3664 praecipue
978 3594 1046 3648 xla
1066 3609 1135 3662 quae
1153 3611 1170 3648 a
1187 3610 1269 3650 versu
1287 3595 1419 3664 incipiunt

298 3679 477 3735 choliambioo
495 3681 531 3735 ef.
549 3680 695 3735 Kirchhoff
709 3681 725 3734 l.
740 3696 763 3735 c.
781 3695 807 3749 p.
822 3688 845 3735 3.

383 3766 405 3834 8)
423 3766 448 3820 X
462 3771 555 3836 lsqq,
574 3767 600 3820 X
614 3770 645 3820 29
655 3782 715 3836 sqq.

384 3853 406 3919 ⁴)
424 3851 534 3916 Quintil.
547 3851 613 3906 Inst.
627 3857 692 3907 orat.
705 3852 745 3906 IX
756 3858 780 3921 4,
800 3857 831 3906 83
841 3868 910 3921 sqq,
928 3857 969 3906 91.

384 3939 405 4005 ⁵)
423 3937 464 3992 XI
477 3943 500 3993 8.

383 4023 405 4091 ⁶)
424 4023 477 4078 Vel
493 4023 598 4078 initium
615 4023 724 4078 fabulae
735 4023 896 4094 gravitatem
908 4023 1031 4080 sublimia
1043 4025 1115 4080 illius
1127 4024 1287 4080 narrationis
1299 4022 1417 4093 quodam

297 4107 380 4162 modo
407 4108 534 4176 illustrat,
561 4125 623 4164 cum
648 4109 735 4179 prima
760 4108 892 4177 periodus
914 4110 1016 4176 „Erant
1038 4111 1066 4164 in
1090 4109 1201 4164 civitate
1226 4149 1283 4164 ...
1307 4106 1418 4177 penaria

297 4194 422 4260 poterat“
447 4193 537 4263 longis
561 4193 676 4264 syllabis
699 4194 736 4248 ita
757 4193 889 4258 abundet,
914 4199 944 4248 ut
961 4193 1023 4262 plns
1042 4193 1154 4248 dimidio
1173 4194 1273 4248 breves
1290 4191 1418 4246 recedant

298 4281 329 4332 82
345 4283 403 4334 :aa
