3218 4918
651 312 863 407 ‘’21¹“

282 483 369 556 Quod
384 485 475 560 igitur
491 485 634 542 clausulis
648 485 851 560 perpoliendis
867 485 1091 562 rhythmiceque
1108 487 1318 563 componendis

196 590 255 648 iam
285 589 448 663 antiquitus
476 604 587 646 summa
610 605 701 663 opera
723 587 860 658 dabatur,
889 587 1024 646 nimirum
1047 587 1110 647 fieri
1133 607 1192 648 non
1214 591 1318 666 potuit,

198 693 269 768 quin
294 691 438 768 paulatim
463 693 560 748 certae
582 691 667 766 leges
689 708 724 748 ao
746 692 868 766 regulae
891 689 991 749 firmae
1015 691 1050 750 de
1073 708 1128 750 usu
1151 710 1318 768 genereque

198 812 296 853 earum
331 795 483 852 orerentur
517 796 546 850 ct
579 794 656 851 iuter
688 794 786 851 varias
820 795 1026 852 conclusiones
1060 794 1204 870 quaedam
1233 813 1318 870 prae-

196 899 344 969 valerent,
380 896 463 954 velut
494 912 531 953 ex
559 895 814 970 disquisitionibus
844 895 996 969 Muellcri,
1032 898 1191 973 praecipue
1222 901 1319 956 autem

196 999 343 1071 Nordeni,
366 999 550 1056 clausulas
574 997 845 1070 ditrochaicam,
867 999 1088 1072 bicreticam,
1110 1000 1318 1058 bicreticam

197 1101 461 1173 catalecticum,
484 1100 869 1178 hypodochmiacam,¹)
890 1101 953 1159 fere
976 1102 1110 1160 omnibus
1130 1103 1319 1178 temporibus,

197 1204 379 1281 potissimum
401 1220 471 1261 vero
494 1207 562 1279 post
584 1204 758 1279 Augustum,
781 1195 1018 1278 praedominatas
1042 1222 1106 1263 esse
1129 1205 1244 1264 scimus.

283 1307 490 1364 Examinemus
527 1305 611 1381 quid
648 1304 688 1363 de
725 1323 787 1364 usu
823 1307 1063 1364 clausularum
1100 1306 1320 1381 „rhythmi-

200 1408 371 1486 carum“²)
402 1409 606 1486 Apuleiano
636 1407 864 1467 iudicandum
896 1409 954 1482 sit,
983 1409 1029 1467 his
1059 1409 1157 1468 verbis
1187 1409 1320 1468 Nordeni
1351 1403 1354 1409 ’

199 1510 371 1588 cognitis:³)
407 1510 480 1583 „Um
513 1527 572 1568 von
606 1509 784 1568 vornherein
812 1509 900 1580 jedcn
930 1510 1029 1567 Zufall
1059 1510 1320 1582 ansuusehlieisen,

198 1613 316 1672 werden
339 1613 392 1669 wir
415 1612 467 1670 das
484 1611 589 1671 Gesctz
612 1611 773 1671 auistellen
790 1619 918 1670 missen:
941 1629 997 1669 nur
1012 1612 1180 1689 diejenigen
1195 1613 1319 1671 Schrift-

198 1717 301 1776 steller
323 1697 507 1774 becbachten
536 1713 593 1772 den
615 1713 838 1788 rhythmisohen
860 1713 1055 1788 Satzschluis‚
1081 1715 1129 1773 bei
1153 1716 1249 1774 denen
1271 1715 1319 1774 die

198 1817 446 1894 urspringlichen
475 1818 602 1875 Formen
633 1817 685 1874 der
714 1818 840 1875 Klansel
869 1817 961 1892 (ohne
991 1817 1158 1893 anigeldste
1187 1819 1319 1894 Langen,

200 1921 277 1980 ohne
297 1920 468 1979 irrationale
483 1919 607 1996 Langen
622 1920 671 1976 fiir
686 1920 818 1996 Kdrzen')
834 1921 955 1978 weitaus
970 1920 1167 1996 iiberwiegen,
1190 1921 1319 1980 ndmlich
1351 1917 1356 1923 ’

200 2024 247 2083 die
269 2024 416 2082 Klauseln
437 2050 574 2094 -υ-υ,
596 2035 804 2095 -υ--υὲ,
825 2050 919 2072 -υ-
963 2025 1014 2081 ι.“

283 2125 466 2201 Quamquam
478 2125 569 2184 Frid.
579 2124 734 2184 Gatscha
750 2125 780 2182 in
796 2114 1124 2202 dissertatione'scripta
1136 2128 1199 2200 ,De
1208 2127 1320 2202 Apulei

198 2247 331 2288 sermone
362 2228 490 2286 numeris
517 2227 676 2286 adstricto“
709 2229 1041 2304 Metamorphosecn
1071 2230 1255 2287 clausulas
1285 2230 1320 2285 in

199 2333 357 2390 ordinem
378 2331 543 2390 redactas
566 2332 794 2408 proposuit,⁴)
817 2335 915 2390 tamen
937 2334 992 2390 illa
1011 2333 1114 2390 tabula
1134 2331 1247 2389 adrem
1267 2349 1319 2388 no-

199 2439 288 2493 stram
300 2434 468 2519 nihilfecit,
481 2452 546 2493 oum
559 2438 697 2510 quattuor
706 2438 817 2492 tantum
828 2452 938 2511 genera
950 2421 1149 2493 clausularum
1162 2451 1320 2508 earumque

200 2538 310 2596 formas
326 2539 437 2596 solutas
450 2536 587 2605 exhibeat
601 2537 620 2594 i.
629 2553 652 2594 e.
667 2538 817 2595 clausulas
830 2537 962 2609 creticae,
978 2536 1183 2608 ditrochaieas,
1200 2537 1319 2612 dispon-

202 2641 308 2715 diaoas,
322 2641 521 2718 dactylicus-⁵)
554 2642 683 2698 Necesse
699 2640 853 2716 igiturest,
869 2643 901 2696 ut
914 2640 1089 2698 sententiam
1101 2639 1321 2699 Nordenianam

201 2761 437 2820 percenseamus,
468 2741 564 2802 denuo
594 2744 677 2800 varia
708 2744 905 2801 clausularum
936 2759 1046 2818 genera
1075 2743 1226 2818 colligere.
1275 2741 1321 2801 Ne

201 2848 298 2902 autem
320 2844 383 2902 fere
405 2845 555 2920 ingentem
578 2843 710 2902 laborem
732 2844 896 2915 subeamus,
919 2843 990 2901 satis
1014 2843 1069 2902 erit
1089 2860 1188 2901 earum
1204 2844 1320 2901 clausu·

199 2949 294 3006 larum
328 2947 471 3006 rationem
505 2946 614 3004 habere
648 2963 721 3020 quas
752 2945 869 3021 quidem
899 2947 981 3004 Vliet
1010 2945 1094 3020 gravi
1124 2945 1321 3019 distinctione,

199 3052 282 3109 velut
312 3051 405 3126 signis
436 3093 443 3107 .
470 3069 476 3106 :
500 3051 506 3107 t
530 3048 573 3120 ?;
604 3048 745 3124 signavit,
776 3048 830 3106 etsi
860 3048 1090 3124 interpungendi
1120 3049 1253 3124 quaestio
1283 3048 1321 3106 ad

286 3286 308 3355 ¹)
330 3291 471 3350 --ν-ῖ,
498 3283 705 3350 *ww-⁹,
730 3289 904 3350 -v--r,
928 3271 1098 3335 -υ-υὲ.
1123 3281 1234 3336 Norden
1249 3281 1320 3336 clau·

198 3371 285 3426 sulam
303 3369 565 3441 hypodochmiacam
583 3368 664 3438 plane
682 3367 814 3438 neglexit,
840 3372 934 3421 eontra
952 3366 1076 3434 Mueller,
1096 3367 1194 3436 Wolff,
1218 3367 1276 3434 alii,
1296 3367 1321 3422 ci

199 3471 310 3525 gravem
328 3455 419 3510 locum
437 3455 651 3522 assignaverunt.

284 3559 307 3625 ²)
332 3557 393 3620 Quo
414 3557 473 3610 iure
493 3556 605 3610 Norden
629 3558 718 3608 certas
742 3553 877 3608 clausulas
901 3552 1120 3623 „rhythmisohen
1139 3551 1322 3609 Satascbluss“

199 3642 328 3713 appellet,
346 3640 415 3696 iufra
433 3641 588 3712 disputabo.

283 3745 521 3815 thpm.

285 3851 306 3918 ⁴)
325 3849 358 3904 G.
376 3852 482 3903 tantmn
500 3848 641 3917 plenorum
659 3861 788 3901 sensuum
801 3845 890 3900 exitus
902 3843 1054 3900 secundum
1066 3842 1322 3910 Metamorphoseon

200 3934 348 3990 editionem
360 3934 619 3990 Hildebrandianam
636 3932 765 4001 respexit,
784 3935 879 3986 contra
896 3947 951 3984 uon
969 3929 1051 3984 modo
1070 3928 1254 3996 periodorum,
1272 3928 1322 3982 sed

200 4021 282 4074 etism
315 4019 498 4076 membrorum
525 4020 729 4087 incisorumque
758 4017 895 4072 clausulas
924 4015 1074 4086 rhythmice
1104 4013 1232 4068 formatas
1262 4028 1322 4068 esse

199 4105 312 4161 coimus:
330 4106 424 4175 itaque
441 4105 514 4160 illius
532 4105 600 4159 ratio
618 4120 668 4172 per
685 4119 716 4158 sc
734 4102 807 4158 haud
823 4101 898 4158 nimii
915 4101 995 4170 pretii
1013 4105 1063 4155 cst.

284 4209 306 4278 ⁶)
330 4209 440 4263 Summa
460 4223 528 4264 vero
546 4206 659 4263 libidine
677 4221 772 4260 omncs
789 4205 891 4260 formas
908 4203 1111 4274 praecipueque
1128 4201 1233 4257 solutas
1251 4199 1322 4254 clau·

199 4294 319 4349 cularum
336 4293 390 4348 illis
409 4297 538 4363 quattuor
554 4291 699 4348 schematis
717 4289 875 4361 assignavit.
