3218 4918
612 275 824 332 „27-

241 447 320 503 val
358 447 406 519 „et
435 449 466 503 tu
496 445 627 519 Zephyre
655 446 768 518 suscipe
798 443 985 502 lominich
1041 443 1142 518 Atque
1171 443 1279 502 ibidem

156 551 249 626 paulo
273 548 366 607 inira:
389 550 507 608 aemulo
529 547 682 607 festinavit
703 547 740 605 ad
763 548 915 620 scopatum
939 542 942 628 1
966 548 1054 620 inque
1069 548 1164 606 simile
1178 549 1281 606 mortis

155 655 278 712 exilium
302 653 412 710 cecidit.

244 771 344 830 Ardor
367 787 516 847 operaque
538 771 726 830 formicarum
749 771 791 828 sic
815 769 1017 828 delineantur:

242 891 285 947 Vl
302 891 341 948 10
365 889 532 963 dissitisque
553 890 706 964 plumbus
734 884 738 970 Ι
767 907 783 947 e
806 891 965 964 conspectu
988 871 1281 964 perniciter'oheunt.

241 1011 388 1069 Excitatio
409 1010 532 1068 Veneris
556 1009 629 1068 deae
651 1011 744 1068 iratae
766 1027 887 1067 numero
910 1007 943 1066 fit
963 1008 1135 1085 perspicua:

241 1130 317 1187 vac
337 1130 416 1205 Ergo
436 1130 494 1186 iam
509 1131 561 1188 ille
584 1131 674 1188 honus
693 1127 771 1186 filius
790 1146 872 1186 meus
888 1129 975 1186 habet
989 1127 1115 1186 amicum
1130 1128 1282 1200 aliquam!
1332 1129 1334 1133 ’

43 1259 47 1268 ·
154 1233 206 1290 vel
228 1232 307 1289 V30
330 1231 388 1290 Sed
410 1249 488 1290 nuno
511 1233 616 1291 inrisui
639 1233 741 1290 habito
764 1233 836 1304 quid
858 1231 970 1306 opum?

242 1351 346 1428 Angor
369 1350 587 1428 trepidatioque
609 1351 694 1410 Lucii
717 1369 824 1428 magna
847 1354 909 1408 arte
932 1350 974 1408 sic
997 1350 1210 1426 depinguntur:

241 1471 308 1528 114
338 1471 455 1545 „Quid“
483 1472 602 1547 inquam
634 1471 688 1545 „de
716 1489 761 1529 mc
783 1471 841 1544 liet,
867 1472 918 1529 uhi
943 1471 998 1530 isle
1023 1471 1173 1544 iaculatus
1196 1487 1281 1527 macc

154 1574 309 1649 paruerit?
354 1571 409 1632 Oui
429 1573 551 1632 uidebor
573 1574 636 1632 veri
658 1575 771 1632 similia
793 1573 886 1631 dicere
907 1573 1061 1648 proferens
1084 1571 1196 1630 vera?“
1230 1573 1280 1629 vel

157 1673 230 1750 „sub
253 1677 344 1734 oculis
369 1676 426 1734 tais
449 1659 709 1750 holrlo'ioyalatur
731 1677 760 1734 et
783 1675 896 1734 siles?“
921 1674 1046 1752 (5:10.)

241 1778 307 1851 Sed,
327 1797 365 1838 ne
388 1779 603 1838 dissertationis
626 1759 808 1854 provinciam
831 1778 1090 1854 transgrediamur,
1113 1778 1196 1835 illam
1217 1795 1279 1834 rem

156 1884 295 1939 accurata
310 1881 515 1957 disquisitione
532 1881 650 1958 dignam
665 1882 835 1957 relinquere
856 1881 996 1957 cogimur,
1018 1881 1191 1957 praesertim
1214 1897 1279 1938 cum

156 1984 234 2042 aliae
258 1985 444 2058 quaestiones
467 1986 658 2060 gravissimae
681 1987 834 2061 urgueant.

240 2086 373 2146 Vidimus
388 2088 558 2164 Apuleium,
582 2105 618 2146 cx
634 2087 845 2147 consuetudine
865 2089 1074 2162 plerorumque
1095 2087 1279 2162 scriptorum,

154 2193 272 2264 praeter·
301 2191 378 2248 alias
407 2191 557 2249 clausulas
586 2191 745 2250 indulsisse
773 2191 956 2267 potissimum
983 2191 1019 2248 iis
1042 2188 1135 2248 tribus
1157 2187 1279 2246 finiendi

155 2292 312 2366 generibus
330 2309 406 2366 quae
421 2293 543 2352 Norden
560 2293 709 2352 clausulas
728 2293 945 2367 ‚‚rhythmioas“
964 2293 1113 2368 appellat:
1138 2303 1278 2364 -v—³‚

241 2496 407 2556 Attamen
439 2516 508 2557 non
539 2499 732 2573 intellego,
767 2515 826 2556 cur
855 2496 918 2555 has
952 2498 1063 2556 solum
1094 2497 1278 2556 clausulas

156 2599 394 2658 nominaverit
420 2599 687 2674 „rhythmicas“.

240 2701 412 2760 Nimirum
435 2720 502 2760 vox
520 2695 708 2784 ,,ῥυθμός“
727 2701 821 2760 nihil
841 2702 941 2760 alind
960 2701 1152 2778 significat
1172 2705 1278 2776 atque

154 2805 422 2878 responsionem
445 2806 768 2881 repetitionemqne
792 2805 1034 2864 artificiosam
1055 2805 1277 2878 syllabarum

155 2905 367 2978 quarundam
391 2907 566 2965 orationis
590 2923 665 2982 quae
685 2923 745 2964 non
764 2907 839 2965 adeo
860 2913 988 2965 semotae
1005 2907 1071 2978 sint,
1093 2909 1126 2964 ut
1141 2922 1278 2964 numerus

154 3024 239 3066 aures
265 3009 447 3067 audientium
475 3009 605 3085 effugiat.
649 3009 727 3084 Ergo
751 3010 787 3067 ab
810 3008 866 3066 hac
892 3027 924 3067 rc
947 3007 1191 3085 proficiscendum
1215 3009 1279 3080 erit,

154 3113 311 3184 antequam
335 3111 372 3168 de
394 3111 532 3185 rhythmo
555 3113 605 3170 vel
629 3111 771 3168 clausulis
794 3110 968 3184 rhythmicis
992 3109 1090 3168 dicere
1113 3109 1224 3168 licebit.

240 3211 313 3282 Quis
340 3213 416 3270 enim
443 3215 537 3272 ullum
563 3231 714 3273 nnmerum
741 3214 861 3286 sentiat,
889 3215 914 3272 si
940 3213 1017 3272 forte
1044 3215 1075 3270 in
1098 3214 1167 3271 illas
1196 3214 1277 3271 clau-

155 3315 235 3372 sulas
260 3328 405 3389 -υ-Ξ,
431 3330 643 3390 -υ--υ-Ψ,
669 3329 830 3366 —u--J
857 3316 1006 3390 inciderit,
1043 3317 1122 3376 nisi
1150 3334 1276 3374 earnm

154 3421 340 3492 responsio
363 3419 554 3478 manifesta
578 3419 646 3478 sit?

241 3519 341 3577 Nihil
363 3523 474 3598 igitur
496 3523 649 3580 interest
670 3540 732 3598 per
760 3525 898 3598 qualem
922 3506 1109 3598 clausulae
1132 3521 1276 3580 formam

153 3621 294 3697 periodi
322 3641 360 3682 ac
383 3625 533 3682 membra
561 3625 836 3684 concludantur:
865 3625 966 3684 eodem
991 3624 1108 3700 quidem
1131 3626 1193 3682 iure
1217 3625 1277 3682 alia

154 3725 305 3798 quaelibet
326 3731 445 3803 praeter
467 3729 537 3786 illas
561 3729 711 3786 clausulas
733 3727 948 3800 Nomentanae,
974 3729 1046 3786 licet
1069 3729 1107 3785 sit
1128 3727 1276 3785 rarissime

153 3832 302 3902 usurpata,
335 3829 538 3903 „rhythmica“
564 3831 712 3906 appellari
734 3833 845 3906 potest,
873 3830 1054 3888 dummodo
1078 3830 1137 3886 illi
1161 3830 1277 3886 altera

153 3929 308 3988 eiusdem
332 3934 468 4008 speciei
490 3931 583 3990 haud
604 3935 708 3992 nimis
731 3937 864 3992 semota
886 3933 1111 4008 respondeat.

238 4033 338 4109 Atque
358 4036 461 4092 mirum
482 4039 534 4108 est,
558 4035 637 4112 quod
653 4036 689 4094 de
704 4036 761 4094 hoc
776 4036 968 4095 fundamento
983 4037 1143 4112 praecipuo
1159 4020 1276 4109 reguiass

153 4152 210 4210 que
234 4135 362 4212 simplici
386 4138 560 4197 elocutionis
584 4139 723 4212 antiquae
745 4139 822 4196 inter·
841 4141 1001 4197 nonnullos
1021 4127 1222 4196 viros'doctos
1239 4136 1277 4194 ad

152 4238 230 4297 hunc
254 4239 331 4298 diem
355 4239 552 4299 dissensiones
576 4243 704 4315 exstant,
731 4243 763 4299 nt
784 4240 864 4299 Frid.
879 4242 965 4300 Blass
989 4241 1039 4318 qui
1063 4240 1098 4299 de
1121 4257 1276 4300 numerosa
